3788 6120
105 295 159 352 tid
611 282 755 342 incundi
776 275 1069 338 meduanuillo
1091 272 1220 334 tstlnlt.

114 415 1730 471 M
1751 435 1761 453 ,

704 630 1144 730 attumuletur.

307 870 349 933 ΙΝ
369 869 508 936 lsnlntt
528 864 713 932 Plutum
729 873 742 896 ¹
763 856 1049 932 nonnullum,
1070 856 1125 919 DE
1152 847 1359 916 carlittus
1379 845 1526 913 undele.

558 1075 599 1119 eu
616 1053 786 1116 Veronensi
798 1069 856 1116 ms.
875 1068 960 1115 nuno
979 1051 1119 1131 primurn
1141 1048 1237 1111 edito.

852 1282 998 1296 ——t

151 1486 257 1561 1115
272 1485 351 1543 Unus
367 1484 494 1541 liberast
518 1481 659 1540 duodecim
675 1483 871 1554 prophetarum
888 1496 898 1538 a
915 1488 937 1547 Α
952 1494 1056 1551 negans
1071 1477 1217 1549 essequod
1231 1476 1340 1539 dieitur.
1354 1484 1382 1532 et
1398 1472 1660 1532 nllrllonrinusnitiis
1675 1470 1743 1529 sub·

114 1593 142 1638 et
157 1582 227 1652 quod
245 1581 334 1636 solent
345 1580 436 1634 iuuere
458 1578 556 1634 medici
574 1577 601 1632 in
619 1575 860 1648 aegrotationibus,
870 1582 901 1631 et
950 1572 1034 1643 lauet,
1051 1569 1201 1640 corripitur
1214 1584 1228 1623 a
1243 1568 1379 1639 Propheta
1391 1567 1471 1639 quael
1483 1567 1578 1631 ludas,
1595 1568 1621 1621 in
1637 1579 1691 1635 nuo
1706 1562 1743 1620 slt

117 1667 430 1727 rrrlneratissernndum
446 1682 556 1737 carpum
584 1665 804 1737 ltoepropbetae,
822 1664 901 1733 attasi
952 1677 1018 1719 vera
1054 1659 1102 1717 oet
1135 1661 1278 1733 confessio,
1309 1668 1337 1715 et
1370 1658 1449 1731 attasi
1477 1657 1639 1719 ierusalem.
1671 1656 1744 1727 quod

117 1763 255 1833 spiritales
268 1759 382 1826 medici,
396 1761 423 1815 ln
439 1759 538 1815 animae
550 1756 719 1823 tuirreribne,
731 1756 903 1828 diversisque
953 1771 1046 1825 pacem
1063 1755 1172 1823 quidem
1190 1753 1292 1808 trabere
1306 1752 1445 1817 rideatur,
1458 1759 1489 1805 ut
1505 1750 1540 1804 alr
1554 1749 1669 1805 ormaltis
1685 1746 1745 1805 erl·

117 1856 237 1925 precatis
263 1854 354 1909 laoere
382 1860 562 1910 consuerunt.
586 1848 735 1907 Duodecim
762 1849 903 1920 propinetis
959 1847 1080 1903 minibus
1094 1846 1268 1910 seretrsltat,
1283 1860 1318 1900 ne
1340 1843 1422 1900 etism
1435 1843 1628 1914 illleaptititas
1644 1842 1744 1900 uen‘at.

118 1947 196 2016 quasi
208 1955 356 2014 aegrotans,
379 1944 426 2015 qui
443 1944 510 2000 titio
529 1959 581 2000 suo
605 1943 696 1999 earari
722 1943 853 2009 uoluerit,
869 1941 904 1998 ad
955 1945 1063 2007 Audite,
1088 1942 1157 2009 coli,
1183 1952 1209 1996 et
1231 1939 1341 1996 numios
1366 1941 1592 2011 perciperem,
1620 1940 1745 2010 quostiam

119 2048 232 2092 traortem
244 2051 329 2106 arsurae
344 2036 526 2103 describitur;
539 2045 566 2091 et
579 2045 732 2106 posteaper
747 2032 904 2098 Cirristutn,
957 2037 1084 2092 domiuus
1112 2035 1215 2090 locutus
1236 2043 1285 2091 est.
1306 2032 1441 2102 Quoniam
1468 2032 1496 2088 in
1513 2032 1627 2087 Cantieo
1644 2032 1747 2086 inme·

119 2131 164 2202 qui
181 2145 262 2187 verus
280 2128 469 2197 eumedium,
493 2140 607 2189 sanatus
629 2136 822 2199 postmortem
844 2142 906 2186 esse
955 2127 1072 2184 renomil
1096 2127 1228 2195 seriptum
1256 2134 1309 2192 est,
1334 2140 1367 2182 eo
1397 2137 1520 2196 tempure
1549 2140 1603 2194 qun
1630 2123 1746 2196 lluyses,

121 2232 257 2279 narratur.
272 2222 349 2290 onem
365 2238 429 2295 upa
442 2223 586 2279 duodecim
598 2224 737 2293 prophetae
748 2236 796 2290 per
812 2230 906 2291 partes
957 2221 1035 2290 orrasi
1052 2219 1139 2275 nubes
1155 2218 1275 2282 ilorninl,
1293 2219 1457 2288 loquebatur
1479 2234 1487 2275 a
1507 2216 1619 2271 Attente
1642 2214 1747 2282 solon,

121 2317 236 2380 iaciunt,
258 2316 478 2372 etniirilnntintts
500 2316 551 2387 ipsi
575 2317 697 2373 breviter
719 2315 906 2381 subindicant,
957 2322 984 2367 et
1011 2312 1117 2383 loquor,
1152 2312 1284 2367 etoudiot
1316 2321 1386 2367 terro
1414 2310 1494 2366 uerba
1522 2327 1555 2365 ex
1582 2326 1626 2364 ore
1649 2327 1706 2365 ntro
1737 2325 1748 2365 .·

121 2409 246 2463 eumdem
261 2408 384 2464 ordinem
399 2407 584 2474 continentes,
600 2409 653 2464 boe
666 2407 803 2464 latissime
820 2408 906 2479 majo·
957 2412 1086 2474 respectet
1100 2405 1171 2459 sient
1196 2404 1313 2473 pluoimn
1330 2419 1478 2459 ternionem
1495 2419 1591 2467 menon,
1605 2404 1750 2459 etdesseu·

123 2514 167 2555 res
181 2499 318 2568 prophetae
338 2495 439 2553 'laeere
453 2507 670 2555 consueverunt.
696 2498 781 2554 Erras
804 2507 906 2565 autent,
957 2496 1023 2550 dont
1046 2496 1115 2552 siret
1142 2512 1185 2553 ros
1210 2497 1287 2552 teria
1302 2512 1387 2552 tneo:
1407 2506 1435 2552 et
1460 2496 1544 2568 legum
1571 2496 1619 2552 bel
1641 2494 1750 2553 sibbis

123 2587 167 2656 qni
182 2589 375 2658 interpretatur
389 2589 512 2659 adjutor,
532 2595 562 2644 et
574 2588 739 2655 zorobabel,
754 2587 801 2660 qiri
825 2587 909 2644 inter·
960 2588 1074 2645 testibus
1086 2587 1211 2651 dederat,
1228 2587 1299 2643 roelo
1322 2587 1457 2651 uidelicet,
1482 2596 1509 2643 et
1530 2595 1622 2657 turra3
1638 2587 1691 2644 lano
1707 2594 1750 2644 est
1818 2638 1822 2647 .

123 2689 246 2749 pretatur
262 2682 312 2736 ists
329 2681 450 2751 princeps
473 2682 502 2736 in
528 2679 677 2750 Babylone,
693 2689 722 2735 et
743 2679 836 2742 lesus,
862 2678 909 2749 qui
960 2679 1087 2735 omnibns
1103 2682 1238 2737 creaturis
1251 2695 1312 2750 quae
1327 2679 1592 2741 omlolnelmlnntur,
1605 2688 1632 2734 et
1650 2684 1747 2735 terra:

126 2771 153 2825 in
178 2772 269 2842 lingua
287 2780 382 2828 nostra
397 2781 478 2829 sonat
495 2770 632 2837 Salvator,
650 2772 678 2828 in
694 2769 778 2842 ligura
792 2783 911 2842 praeuet-
960 2785 994 2827 ex
1021 2780 1099 2840 parte
1118 2773 1191 2827 enim
1217 2779 1304 2827 totum
1332 2771 1469 2827 indicatur
1493 2768 1751 2843 (synecdochicosla

125 2871 220 2915 serum
235 2861 339 2918 botuuini
357 2879 364 2915 t
380 2870 410 2918 ut
431 2861 504 2931 qood
525 2861 617 2918 oaeteri
640 2861 778 2932 propbeta
798 2858 911 2916 mediel·
926 2829 947 2884 B
961 2864 1034 2935 qrrod
1051 2872 1158 2919 tenetur
1174 2863 1349 2934 inpartibus,
1366 2864 1428 2934 qnia
1445 2866 1535 2918 onmia
1561 2863 1751 2929 inelndumur,

127 2955 233 3012 nulibus
246 2955 304 3011 suis
320 2954 397 3011 libris
410 2970 510 3013 curare
522 2969 576 3010 non
596 2963 756 3024 potuerunt,
773 2953 818 3009 isti
831 2967 911 3010 oura-
962 2965 991 3009 ut
1014 2953 1144 3021 diximus,
1170 2952 1270 3010 Colunt
1299 2965 1324 3008 et
1352 2963 1461 3008 terrum.
1486 2953 1558 3020 Quale
1589 2953 1676 3025 legem
1702 2950 1751 3011 bet

126 3047 224 3113 norint,
243 3059 268 3103 et
287 3049 456 3117 ,reduxerint
478 3046 608 3117 populum
636 3056 699 3113 poet
713 3045 911 3114 captiuitatem.
962 3046 1155 3114 praevaricatus
1182 3055 1225 3103 est
1254 3046 1384 3117 populus,
1404 3046 1516 3103 eosdem
1542 3061 1638 3102 rursus
1666 3054 1752 3103 testes

164 3140 242 3208 (Cap.
268 3138 301 3208 l.)
332 3136 401 3192 Visio
429 3136 523 3193 isoio.
545 3138 697 3207 Propterea
719 3135 911 3202 tisiodieitttr,
962 3146 1054 3202 voest,
1069 3137 1432 3207 subqtrlbttsdataioaes13
1448 3148 1478 3193 ut
1491 3137 1620 3208 quoniam
1637 3136 1754 3217 populus

128 3233 190 3300 qnia
210 3231 348 3300 propbeta
375 3230 466 3285 lutura
482 3240 664 3301 ooprrosoum,
681 3240 709 3286 et
722 3227 915 3300 spiritualibus
964 3229 1060 3284 audire
1092 3230 1280 3297 contempsit,
1317 3241 1424 3286 surreiae
1458 3232 1569 3287 sanilam
1608 3243 1754 3289 cremara.

130 3323 216 3378 oeulis
241 3321 393 3378 Salvatorit
423 3321 568 3377 intuentur
594 3322 741 3377 adventum
765 3320 916 3377 :undeet
966 3319 1072 3392 1147
1088 3320 1186 3377 Audite
1206 3322 1275 3389 roeli,
1297 3321 1445 3377 etnarlbrrr
1460 3323 1755 3392 promereremur

136 3415 258 3471 eluentes
273 3418 344 3485 apud
358 3413 486 3484 antiquos
498 3417 665 3473 rotabantur
681 3414 830 3483 propbeta.
848 3409 914 3467 Filii
966 3411 1110 3466 historiam
1129 3411 1201 3481 ortod
1218 3411 1283 3466 illuit
1299 3411 1351 3467 ime
1365 3418 1407 3467 est
1426 3428 1433 3468 :
1451 3410 1585 3479 Quoniam
1607 3428 1651 3468 me
1668 3428 1754 3486 gorius

130 3508 221 3562 Amos.
242 3505 368 3575 Plerique
395 3512 501 3574 putant,
526 3504 620 3571 Amos,
638 3504 684 3573 qul
709 3503 807 3559 terrim
823 3513 866 3559 est
881 3502 916 3559 de
967 3507 1129 3576 contempsit
1148 3506 1309 3571 humanum,
1341 3516 1369 3562 et
1383 3506 1456 3563 inter
1483 3517 1597 3564 cunctas
1612 3518 1756 3567 creaturas

129 3597 271 3652 duodecim
293 3595 447 3669 propinetis,
463 3606 568 3666 patrem
587 3610 649 3652 usse
664 3593 749 3657 isaie,
771 3595 819 3650 sed
835 3593 917 3652 sebe·
966 3605 994 3652 et
1023 3596 1229 3670 elementaque
1256 3600 1319 3663 leui,
1353 3601 1404 3656 ltoo
1440 3603 1629 3659 tatrtunmtodo
1653 3602 1756 3661 rebelle

131 3703 237 3750 menter
259 3703 354 3749 errant
379 3710 387 3749 ε
414 3691 532 3747 dirersis
560 3689 661 3761 quippe
689 3690 762 3761 aptrd
788 3687 917 3744 lteoraos
967 3702 1053 3758 penus
1067 3697 1121 3754 ost,
1133 3690 1212 3759 quod¹
1222 3702 1353 3762 repugnat
1366 3692 1501 3748 uoluntati
1515 3709 1598 3760 meum
1613 3706 1757 3766 propterea

131 3785 422 3851 teribtrnturlitteris;
451 3784 521 3843 alius
542 3800 592 3856 pet·
605 3785 681 3846 sade,
702 3784 770 3838 alim
785 3797 834 3854 per
862 3782 916 3840 sis.
970 3779 1053 3834 etiam
1082 3779 1284 3837 irrationabiles
1306 3793 1526 3854 qtttepulantur,
1547 3786 1660 3840 audiant
1679 3799 1758 3841 orea-

133 3876 219 3942 Qnom
239 3877 396 3944 oiditsaper
413 3873 565 3939 induerat
580 3872 744 3930 Jerusalem.
758 3870 918 3940 Speoiuliter
970 3878 1048 3934 tore,
1073 3879 1103 3925 nt
1126 3871 1211 3943 magis
1234 3873 1412 3931 rationabiles
1438 3876 1663 3932 condemnemur.
1687 3876 1758 3945 Quin

132 3967 214 4021 isaias
227 3967 260 4021 ad
274 3967 342 4022 duas
355 3967 443 4021 tribus
453 3966 583 4031 mittitur,
596 3964 706 4030 lutiam,
720 3963 917 4032 etbenjamiu3
968 3963 1099 4019 Donninos
1120 3963 1224 4019 locotus
1250 3976 1300 4030 est,
1329 3965 1411 4021 Filios
1436 3970 1551 4024 enutriri
1564 3980 1589 4023 rt
1604 3970 1722 4027 esoitnot‘
1744 3986 1755 4026 .·

132 4068 157 4112 et
179 4058 326 4130 ierusalem
346 4075 357 4113 .·
377 4059 428 4114 lroo
457 4067 512 4123 est,
535 4059 570 4114 ad
599 4058 772 4126 metropolim
802 4057 918 4114 duarum
969 4069 1025 4110 non
1052 4056 1121 4111 dixit
1150 4056 1220 4125 filios
1249 4059 1338 4129 penui,
1364 4059 1434 4115 siunt
1458 4061 1485 4114 in
1515 4061 1620 4130 uulgari
1650 4062 1759 4117 babent

134 4148 252 4202 tribuum
269 4145 954 4231 ciuitatemlndiebusOsioe,Jootltsm,Arlras,c
973 4146 1218 4216 interpretatione;
1249 4149 1415 4229 superfluum
1457 4153 1529 4208 enim
1557 4153 1658 4209 dixisse
1685 4153 1758 4226 filios

136 4241 264 4304 litoriinr,
293 4241 393 4314 lituum
417 4239 502 4296 todo.
531 4241 589 4297 Sub
608 4240 750 4310 istieergo
778 4239 919 4306 omnibus,
970 4239 1434 4310 prandeumutiqusomnistilius
1452 4244 1618 4315 nitgenitus,
1637 4244 1706 4315 Eupo
1730 4248 1758 4302 ln

134 4334 179 4402 qui
204 4335 433 4405 regnat·erunt,¹ltr
460 4331 568 4405 1116
594 4331 674 4396 luda,
693 4330 834 4402 prophetia
859 4329 922 4401 elas
970 4331 1092 4401 eoquod
1119 4332 1188 4388 diait
1212 4333 1296 4403 filios,
1321 4334 1454 4391 indicavit
1478 4336 1615 4405 januense
1639 4341 1758 4412 genitos.

135 4436 246 4478 ostensa
262 4434 304 4480 est
324 4442 332 4483 ;
351 4428 434 4480 etlam
450 4425 477 4477 in
503 4427 562 4496 ipso
578 4424 649 4478 libro
667 4424 844 4494 reperiemus,
860 4437 922 4490 uuo
971 4422 1051 4479 Nune
1069 4437 1243 4494 attpmentum
1257 4426 1333 4491 iacit,
1350 4428 1414 4500 qnia
1431 4430 1521 4487 oannis
1534 4432 1580 4501 qui
1596 4441 1719 4505 generat,
1730 4442 1761 4491 et

136 4515 205 4570 nisio
218 4516 268 4571 sub
282 4531 336 4585 ouo
355 4516 426 4571 diota
440 4516 477 4572 sit
494 4531 568 4585 tege.
595 4515 652 4571 lloe
665 4515 816 4573 securtdnm
833 4514 923 4571 ilisto-
955 4517 1058 4572 nutrit
1076 4533 1085 4572 s
1101 4533 1167 4589 erpo
1197 4534 1247 4592 epo
1273 4528 1302 4576 et
1327 4521 1420 4593 genui,
1436 4532 1465 4578 et
1487 4526 1590 4582 nutriti
1618 4542 1627 4582 t
1652 4535 1681 4583 et
1706 4542 1760 4583 nnn

137 4609 204 4662 riam
221 4609 394 4665 :seeundum
409 4609 589 4680 tropologiam
602 4618 692 4664 autem
704 4608 923 4677 intelligendum,
972 4608 1060 4664 solum
1074 4609 1214 4665 enutrisse
1229 4621 1374 4668 enatemus
1398 4613 1447 4682 lui,
1471 4626 1501 4670 ut
1514 4617 1548 4675 ,ln
1576 4631 1679 4674 morem
1696 4619 1761 4673 ani·

136 4700 316 4770 quodcunque
340 4701 373 4755 ad
395 4698 559 4767 Samariam,
589 4709 620 4754 et
651 4701 684 4755 ad
713 4700 807 4757 deeetn
836 4699 924 4756 tribus
974 4699 1397 4766 mallumetsriomsuetllos
1424 4708 1609 4779 relinquerem
1625 4710 1760 4778 passioni,

137 4791 249 4855 dicitnr,
265 4794 317 4847 boe
330 4791 384 4848 diui
399 4801 495 4847 contra
509 4791 628 4848 hareses
641 4807 651 4846 ι
664 4791 848 4863 quodeunque
858 4806 923 4848 tero
974 4798 1001 4845 rt
1016 4806 1066 4846 suo
1082 4793 1168 4847 labori
1187 4794 1353 4851 dimitterem
1369 4815 1378 4864 ;
1403 4799 1452 4854 sed
1466 4814 1534 4870 qttos
1548 4800 1676 4870 parmlos
1692 4817 1763 4859 enu-

137 4891 232 4935 contra
245 4880 408 4947 Jerusalem,
421 4883 472 4937 lroo
485 4882 540 4937 diei
552 4890 647 4937 eorttra
659 4881 822 4939 Ecclesiam.
833 4882 923 4937 Prima
976 4882 1098 4949 trierem,
1126 4900 1240 4955 magnos
1263 4902 1383 4958 quoqne,
1415 4900 1444 4944 et
1472 4889 1589 4956 adultos,
1611 4902 1639 4947 ut
1664 4893 1764 4961 quilius

138 4972 316 5043 intelligentia
337 4974 494 5046 tropologice
523 4973 574 5029 ista
596 4984 638 5028 est
663 4974 808 5030 :secunda
834 4973 887 5029 alia
914 4991 924 5028 a
976 4977 1059 5031 sitam
1081 4978 1219 5043 dederam,
1241 4994 1314 5035 nuno
1335 4980 1527 5037 daremotiam
1549 4983 1675 5055 gloriam.
1705 4982 1764 5057 ipsi

139 5064 230 5117 anima
245 5078 307 5131 oute
322 5066 470 5130 erraverit,
493 5071 521 5119 et
536 5064 569 5118 de
579 5063 686 5133 justitia
702 5077 835 5119 eorruens
848 5062 926 5120 tiliis
976 5078 1064 5124 netem
1081 5080 1234 5140 spreaernut
1248 5087 1301 5125 me.
1315 5069 1368 5126 Pro
1380 5074 1464 5129 tamis
1486 5074 1628 5132 benefieiis
1655 5077 1765 5135 vicissi-

138 5154 314 5224 snltJauuerit,
327 5155 425 5209 dieitur
440 5154 582 5223 Ephraim,
593 5154 692 5210 dieitur
703 5153 830 5210 Samaria
841 5168 850 5221 ;
862 5167 924 5211 nant
978 5162 1042 5215 tudo
1053 5170 1225 5232 contorrtptue
1236 5158 1297 5216 init.
1309 5160 1435 5232 Capitooit
1448 5164 1491 5219 bos
1499 5182 1661 5235 possesorem
1673 5186 1764 5241 ssent,

139 5246 241 5301 dicitur
261 5247 419 5303 tracoassibi
435 5261 533 5303 attreae
545 5247 743 5313 uttttstruaisse,
757 5255 785 5301 et
806 5244 925 5300 refertur
977 5259 1003 5304 et
1020 5251 1112 5305 asinas
1126 5266 1242 5320 presepe
1262 5253 1363 5308 domini
1388 5255 1441 5311 sui.
1469 5255 1634 5315 bationabili
1660 5261 1765 5319 ltomiul

140 5338 174 5392 sd
197 5339 289 5394 decent
322 5341 421 5398 tribus.
449 5340 610 5410 Quicunque
621 5339 710 5396 adbuc
732 5341 760 5394 in
786 5336 926 5409 proposito
981 5342 1182 5397 irrationabilia
1200 5344 1335 5413 iurulenta,
1352 5354 1379 5401 et
1402 5362 1499 5417 peoora
1514 5361 1716 5420 comparantur,
1733 5361 1764 5409 ut

140 5440 352 5504 perseverabat
372 5450 425 5488 uoti
452 5434 480 5488 in
496 5444 618 5503 apertam
634 5431 758 5502 prorupit
777 5429 922 5497 insattiarn,
982 5448 1043 5488 cnm
1065 5433 1111 5487 illa
1137 5434 1267 5490 maudein
1283 5438 1430 5506 senserim,
1457 5447 1485 5495 et
1501 5439 1639 5495 brutorum
1654 5455 1764 5515 quoqne

179 5593 186 5623 ¹
204 5591 242 5646 ¹¹³
259 5596 285 5645 ¹¹¹
303 5592 467 5647 Veronensis
492 5590 665 5646 utntronneae
687 5587 782 5643 codiee
796 5589 923 5645 vetustis·
942 5512 1012 5648 ¹'rte
1029 5591 1109 5664 najara
1122 5595 1368 5665 auctoreopusuntt
1385 5594 1508 5655 distans
1524 5597 1551 5654 ln
1569 5597 1682 5670 nujusoe
1698 5601 1764 5659 toan

142 5666 212 5721 simo
234 5664 394 5719 irrseribitur
420 5678 428 5719 t
453 5662 498 5732 qm
525 5675 600 5716 nunt.
624 5659 660 5715 il
683 5674 715 5713 ea
740 5659 923 5727 rilgrooolore
978 5664 1149 5733 praelatrpne.

142 5740 217 5801 luunt
236 5735 308 5790 enim
324 5734 369 5790 alil
388 5749 421 5791 es
452 5732 544 5800 rubro)
571 5737 749 5801 prenotatur.
774 5725 840 5784 lide
863 5743 923 5799 qua
