3788 6120
130 278 186 343 stt

370 261 608 344 tltettfstttto
629 263 880 325 llOllllellUbl
900 260 1084 336 Otttdettts
1102 262 1142 323 tt
1164 255 1341 326 t'tstotltts
1361 255 1490 327 istie.

1689 262 1747 334 tet

134 398 209 470 pueri
225 396 494 450 eornmuuicarertmt
514 395 639 464 sanguini
660 403 687 448 et
704 394 797 456 carni,
813 404 840 447 et
855 392 913 463 ipso
926 396 949 454 Α
962 394 1029 449 bitat
1046 394 1073 448 in
1089 393 1279 464 speculatorio,
1294 404 1321 449 ct
1336 393 1362 446 iu
1380 393 1454 446 omni
1469 393 1559 446 anima
1571 402 1657 463 potest
1674 410 1743 453 eun.

134 488 255 559 proxime
271 502 318 539 cos
335 486 422 540 laetus
446 497 484 539 est
510 483 555 553 qui
581 484 778 552 participantur
793 497 909 539 eorum:

132 584 172 637 sie
184 581 245 651 qrria
260 580 336 649 pueri
354 594 407 632 nou
423 589 536 647 possunt
553 575 682 630 fortiores
697 575 792 628 audire
808 588 912 627 serauo·

134 687 196 731 nes,
221 669 318 722 debent
340 668 410 720 enim
435 673 464 719 ιιι
485 666 560 732 pueri
576 664 671 742 audire
691 676 830 719 sermones
847 659 910 724 llei,

133 773 241 832 propter
256 760 306 813 bne
323 759 410 812 lactus
424 759 450 810 iu
464 756 596 823 sanguino
609 769 754 824 puerorum
768 768 851 807 eausa
864 750 911 820 nui

132 847 403 903 eoutmuuieaveruut
417 845 492 899 carni
509 854 535 898 ct
552 843 776 912 sanguirri,nuasi
793 841 912 910 parvulis

133 939 263 1007 lttqrtuus,
284 938 402 1004 loquitur
427 952 480 989 uon
505 935 595 989 divina
621 943 648 987 et
673 932 834 994 inedabilia,
864 930 910 985 sed

131 1044 300 1099 quaecunque
313 1040 409 1096 capere
425 1035 538 1095 possunt
556 1025 669 1093 parvuli.
694 1023 800 1081 Parvuli
822 1031 910 1077 autem

131 1135 226 1173 omme
242 1119 366 1170 lrorniues
378 1125 450 1176 sunt,
464 1117 486 1168 si
504 1131 551 1170 cos
564 1131 708 1185 comparas
719 1115 751 1170 ad
769 1110 912 1183 peiieetiu·

132 1224 192 1262 nunt
218 1207 297 1261 Verbi
321 1226 327 1260 ι
358 1208 419 1261 liect
442 1205 552 1276 lloysen
576 1206 716 1268 nomines,
742 1206 804 1259 lieet
827 1220 909 1260 uuum

131 1300 233 1354 dixeris
246 1301 279 1351 de
293 1299 448 1366 prophetis,
474 1299 536 1351 licet
547 1297 697 1361 loanuean,
711 1313 766 1366 quo
781 1296 869 1364 rrtujor·
883 1297 910 1350 ln

132 1392 201 1443 uatis
217 1389 359 1442 mulierum
387 1401 466 1439 rreum
484 1386 553 1451 luit;
574 1384 636 1439 lieet
650 1386 682 1438 ad
700 1386 838 1453 apostolos
862 1401 910 1439 ve-

132 1482 205 1542 nias;
221 1479 339 1543 Petrum,
356 1479 399 1531 rui
416 1487 499 1546 portae
513 1475 591 1530 iuieri
606 1493 658 1529 ιιιιιι
674 1476 856 1537 invalescent,
869 1475 910 1529 rel

130 1571 243 1624 Pettium
258 1570 303 1643 qni
326 1581 420 1637 raptus
447 1578 488 1622 cst
513 1579 598 1637 usque
615 1569 647 1621 ad
666 1568 774 1622 ter-tium
792 1568 909 1631 coelunr,

129 1671 156 1715 et
177 1661 279 1715 audivit
302 1660 450 1714 indicibilia
473 1661 573 1722 rerba,
606 1675 658 1712 nou
680 1659 792 1727 deponis
815 1673 909 1710 corum

961 486 1065 554 spicere
1079 485 1229 549 veritatem,
1244 486 1295 540 iste
1317 483 1382 538 iacit
1401 483 1478 553 sigua
1501 492 1528 538 et
1551 486 1673 557 prodigia
1694 500 1743 557 per

961 573 1138 641 Salvatorenr,
1158 588 1185 630 et
1205 586 1265 646 post
1281 574 1458 640 Salvatorem,
1475 591 1522 645 per
1535 575 1694 644 apostolos:
1714 585 1742 633 et

961 666 1113 735 ubieunque
1136 667 1273 721 iuvenitur
1291 666 1380 721 auium
1402 677 1464 736 apta
1481 667 1632 722 ministerio
1647 667 1741 737 signo-

961 770 1021 809 rum
1036 765 1062 810 et
1074 757 1256 826 prodigiorum
1268 756 1326 820 Dei,
1341 757 1482 826 sirejtmta
1496 757 1644 826 spiritalem
1660 771 1741 812 eura-

961 850 1074 913 tionem,
1089 851 1145 905 sive
1157 851 1322 905 sensibiliter·
1335 851 1503 905 exlrortanrlo
1514 864 1562 905 eos
1573 851 1618 919 qui
1630 851 1743 906 reniunt

961 939 994 993 ad
1015 964 1018 969 ·
1043 940 1143 1008 liderrt,
1209 954 1262 994 nou
1274 948 1316 993 est
1329 939 1433 993 otiosus
1450 936 1531 1001 Deus,
1545 939 1591 1008 gul
1603 946 1668 992 tune
1679 937 1743 992 lecit

961 1030 1037 1098 signa
1050 1031 1216 1099 etprorligia,
1227 1031 1307 1084 etiam
1324 1044 1397 1084 nunc
1412 1031 1517 1098 operari
1533 1044 1575 1083 ea.
1591 1027 1679 1098 (vers.
1697 1027 1741 1098 lb)

964 1118 995 1173 b't
1019 1121 1042 1172 si
1063 1120 1179 1172 dicerint
1204 1120 1238 1174 od
1262 1135 1316 1180 roe,
1332 1120 1439 1188 querite
1455 1118 1639 1180 ventriloquos,
1658 1127 1681 1170 et
1697 1132 1741 1170 eor

960 1211 1004 1280 ptri
1021 1211 1137 1264 deterre
1153 1209 1281 1274 cluerent,
1298 1209 1344 1277 qui
1368 1209 1459 1261 inertie
1482 1208 1634 1278 loquuntur,
1649 1208 1695 1278 gui
1709 1207 1742 1260 de

960 1311 1045 1354 rentre
1064 1300 1189 1363 clarnoru,
1203 1314 1253 1351 nou
1268 1309 1354 1367 gruter
1365 1299 1400 1349 od
1416 1296 1497 1350 Deum
1507 1313 1583 1349 rrum
1595 1298 1741 1366 requirnnt,

961 1392 1005 1460 ptri
1024 1392 1163 1460 eaqrtlrunt
1178 1391 1209 1443 de
1227 1389 1371 1443 uirentibus
1386 1397 1510 1440 mortuos.
1526 1386 1661 1442 Attendite
1673 1400 1742 1456 ιιιιιι·

961 1481 1033 1534 niam
1050 1481 1165 1534 obscure
1181 1480 1252 1533 tllrta
1266 1488 1340 1544 sont,
1352 1486 1379 1531 et
1392 1476 1472 1532 debet
1487 1491 1593 1542 sensus,
1611 1475 1664 1530 beo
1681 1476 1742 1545 ipso

961 1573 1089 1643 largiente
1100 1581 1127 1627 et
1142 1573 1288 1636 rerelazte,
1303 1570 1644 1638 culrareresuperiuribus.
1659 1567 1743 1624 Docet

960 1679 1025 1734 ergo
1041 1675 1133 1730 bosut
1149 1678 1202 1717 non
1225 1663 1310 1718 sintus
1334 1663 1449 1717 aliorum
1473 1675 1630 1716 sermonum
1655 1659 1741 1716 disei-

130 1751 257 1818 glariam,
270 1750 378 1810 dicens,
394 1750 458 1818 quia
481 1758 508 1802 et
523 1750 572 1817 ipsi
591 1751 618 1803 in
633 1750 673 1803 cis
696 1747 908 1817 gustatorem·
926 1721 1023 1820 '‘prili,
1039 1748 1292 1804 nisieoelestiunret
1307 1748 1455 1803 bonorum.
1466 1744 1574 1816 1130
1584 1742 1655 1800 Sunt
1669 1742 1747 1798 eulm'

129 1848 192 1894 runt
215 1840 417 1909 comparatione
437 1855 531 1895 eorum
553 1856 614 1909 qua.
628 1856 680 1894 rum
701 1841 907 1903 intellexerunt,
955 1834 1751 1908 quidamrugientiumetgrotticeuttmndoctrinamentum,-

129 1931 301 1999 parvulorum
314 1930 464 1999 disciplinis
479 1930 578 1984 eruditi
590 1941 663 1994 sutrt,
679 1946 740 2001 qttar
753 1929 908 1984 boruiuibus
956 1932 1001 1999 qni
1017 1946 1072 1984 nnn
1086 1931 1234 2000 loquuntur
1246 1928 1379 1992 coelestia,
1399 1927 1446 1983 scd
1463 1937 1583 1981 terrena.
1598 1923 1651 1992 Qut
1663 1933 1701 1979 ert
1713 1939 1746 1979 ex

129 2021 280 2074 traduntur.
304 2019 373 2075 Dicit
396 2035 460 2089 ergo
486 2018 611 2074 Salratur
633 2037 687 2076 ιιοιι
710 2023 744 2076 de
768 2021 810 2076 lrls
838 2030 908 2089 quus
960 2031 1041 2083 terra,
1055 2019 1088 2071 de
1107 2029 1177 2071 terro
1200 2016 1337 2086 loqrritor,·
1360 2015 1406 2085 qui
1429 2014 1461 2067 de
1484 2011 1548 2066 culo
1568 2013 1647 2074 uenit,
1662 2025 1741 2079 super

130 2106 227 2165 Paulus
249 2111 276 2164 in
296 2111 405 2166 Christo
427 2115 553 2180 purvulos
575 2122 730 2183 rurucupat,
760 2126 787 2167 et
810 2110 908 2166 asserit
960 2124 1046 2164 ornes
1061 2118 1115 2169 est,
1133 2117 1157 2160 rt
1176 2107 1246 2177 urrod
1266 2107 1332 2159 cidit
1354 2114 1378 2158 rt
1401 2105 1518 2169 audiuit,
1537 2102 1738 2173 testificatur⁸’.

128 2203 400 2270 lacteputandos,ct
418 2221 472 2259 nou
493 2205 553 2258 lorti
572 2207 651 2268 cibo,
668 2205 764 2260 sedde
780 2204 908 2259 omnibus
961 2202 1075 2271 Siquis,
1099 2201 1146 2264 ait,
1171 2198 1262 2268 pueris
1278 2199 1324 2266 qui
1351 2196 1376 2250 iu
1403 2211 1446 2250 me
1471 2196 1594 2261 credunt,
1619 2194 1738 2248 dixerit:

127 2289 208 2343 simul
225 2292 379 2345 bominibus
394 2306 401 2344 τ
417 2292 539 2362 Eccecgo
550 2307 574 2347 et
585 2295 688 2364 peronii
702 2297 752 2349 urei
764 2310 827 2365 quor
844 2294 907 2347 rnilri
960 2292 1077 2356 Quo-,rite
1099 2287 1286 2356 oerrtriloqros,
1305 2299 1330 2340 et
1343 2302 1387 2340 eor
1409 2287 1453 2355 qui
1469 2287 1501 2338 de
1523 2296 1592 2338 terra
1613 2285 1740 2348 clamant,

125 2382 197 2435 dedit
214 2382 293 2438 Dettt.
312 2382 418 2453 11³5
436 2381 534 2436 l'crurn
551 2388 690 2449 utromodo
703 2390 730 2435 tn
752 2383 845 2451 pueris
868 2381 913 2438 alii
959 2382 1003 2450 gul
1018 2381 1106 2434 inertia
1120 2379 1271 2447 loquantur,
1289 2377 1333 2446 qui
1347 2377 1379 2431 de
1401 2387 1488 2430 reterre
1510 2375 1637 2440 clareant,
1659 2374 1744 2429 veluti

124 2485 188 2526 sunt
200 2474 262 2529 aliis
273 2475 430 2543 alacriores,
443 2483 470 2529 et
484 2489 515 2529 ea
528 2489 589 2544 qnae
600 2473 640 2529 eis
653 2482 718 2528 sunt
728 2472 826 2527 tradita
840 2473 914 2527 vulo·
958 2471 1070 2540 quaerite
1093 2469 1227 2522 daentonia
1245 2484 1251 2520 :
1268 2467 1302 2519 ab
1325 2482 1378 2520 una
1402 2467 1474 2520 enim
1497 2467 1587 2536 specie
1608 2463 1741 2520 dmurotris

123 2563 474 2630 eiuscorueguunturrsir,
487 2563 610 2633 inquam.
626 2562 745 2617 similem
760 2561 909 2631 ingeniosis
958 2560 1118 2628 ventriloqui
1144 2555 1281 2628 τροπικῶς
1300 2557 1392 2611 ornrria
1410 2557 1543 2611 danroaia
1563 2555 1739 2626 nuncuparit.

127 2649 218 2716 pueris
241 2651 340 2705 laetum
356 2650 464 2723 bloysen
486 2662 512 2707 et
535 2653 690 2722 prophetas,
702 2655 748 2710 sed
760 2665 787 2710 et
801 2654 906 2712 Domini
958 2652 988 2705 st
1010 2651 1124 2704 dicarint
1150 2651 1233 2707 robis.
1257 2649 1367 2717 querite
1399 2649 1589 2718 rerrtrr'loquor,
1613 2649 1665 2703 lroc
1686 2657 1739 2710 est,

128 2740 211 2792 nostri
226 2737 288 2793 lesu
305 2741 405 2797 Christi
423 2744 573 2812 apostolos.
598 2744 742 2813 l‘roptcrca
760 2747 906 2802 sentientes
958 2742 1071 2812 ortoerlte
1084 2757 1098 2794 a
1110 2741 1278 2796 dmnronilrus
1297 2739 1580 2803 siveplirinationem,
1597 2739 1654 2793 sive
1670 2739 1740 2792 vrri·

127 2831 285 2900 seruetipsos
299 2834 344 2901 qui
360 2835 467 2889 etiamsi
489 2835 667 2905 proieceriut,
683 2852 828 2906 puerorum
844 2853 906 2906 prn-
958 2841 1052 2899 tatem,
1067 2833 1123 2887 sire
1146 2841 1280 2887 sacratam
1295 2831 1566 2903 contemplationem,
1580 2829 1741 2900 respondeto

127 2919 239 2974 iecerint
252 2922 373 2991 proiectu
386 2966 394 2990 ,
409 2925 555 2981 dixerunt:
573 2926 614 2980 Ec
626 2938 700 2995 purte
714 2928 903 2997 cognoscimur,
938 2925 998 2985 ,eis
1010 2938 1070 2992 qtrae
1084 2923 1157 2975 dico.
1171 2920 1385 2992 Quassatque
1404 2936 1452 2978 eos
1464 2921 1559 2976 dueetl
1575 2919 1604 2974 lu
1623 2935 1740 2991 sequen·

125 3024 147 3062 et
159 3028 191 3064 er
204 3025 276 3079 prrrte
290 3014 512 3082 prophetantem.
531 3016 586 3072 Nec
599 3019 669 3071 euim
685 3018 773 3071 adlmc
786 3016 905 3071 veritatis
919 3059 940 3114 c
958 3018 1030 3073 tibus
1046 3016 1120 3070 dicit.
1136 3015 1168 3070 Et
1186 3022 1250 3069 sunt
1263 3013 1375 3082 guidam
1394 3012 1443 3084 qui
1459 3012 1569 3066 mittunt
1582 3025 1640 3076 ros,
1653 3009 1742 3080 tnagis

127 3102 243 3166 negotia,
258 3102 304 3153 sed
320 3103 429 3157 umbras
444 3105 615 3173 negotiorum
633 3105 846 3174 conspiciebant,
857 3120 905 3161 nee
956 3117 1045 3162 autent
1062 3107 1282 3171 eateclrumenos,
1299 3115 1431 3175 quantum
1449 3103 1475 3158 ln
1492 3103 1558 3173 ipsis
1569 3117 1611 3157 est
1629 3101 1662 3156 ad
1678 3115 1740 3156 vert·

127 3190 231 3256 plenam
256 3192 359 3255 luceru,
383 3192 429 3247 sed
453 3194 596 3249 obscuram
619 3196 773 3265 imaginem.
790 3195 906 3266 ldeoqne
956 3199 1099 3267 triloquos.
1118 3196 1167 3263 Qui
1182 3198 1253 3249 euim
1266 3196 1361 3249 volunt
1374 3210 1420 3249 vos
1437 3196 1476 3249 ire
1490 3195 1524 3249 ad
1538 3175 1666 3257 idulasdc
1678 3191 1740 3259 oui-

126 3282 298 3348 rrpetrbnut,
321 3284 461 3339 dieentes:
482 3282 604 3339 Videmus
625 3301 693 3340 nune
711 3300 756 3353 per
774 3288 906 3356 speculum
956 3291 1007 3344 bus
1022 3289 1152 3358 scriptum
1168 3301 1228 3342 cst:
1245 3287 1278 3340 Et
1290 3304 1377 3340 onerer
1387 3288 1426 3340 dii
1438 3288 1552 3357 gentium
1563 3287 1693 3342 demonia
1704 3286 1738 3350 ⁸⁹,

126 3381 149 3422 rt
164 3373 190 3424 in
202 3375 340 3443 enigrnote
355 3416 362 3437 ,
377 3385 436 3430 tunc
451 3387 537 3430 nutem
553 3379 620 3446 socie
642 3377 676 3430 nd
690 3376 823 3447 {oriern¹¹.
839 3380 906 3446 Quis
955 3383 1049 3435 volvunt
1064 3396 1112 3436 ros
1134 3380 1174 3434 ire
1194 3394 1248 3433 trun
1270 3381 1357 3434 solunt
1382 3378 1414 3432 ad
1431 3379 1625 3448 ventriloquos,
1639 3378 1686 3432 srtl
1704 3377 1739 3430 ad

126 3475 190 3530 ergo
204 3462 259 3515 bac
277 3463 366 3532 lrgrns
382 3475 408 3517 ct
425 3466 576 3537 intelligens
592 3466 731 3520 inllabitur
743 3476 770 3522 et
787 3470 907 3537 erigetur
956 3487 1063 3526 omnem
1082 3471 1199 3540 speciem
1214 3471 1379 3524 daemonum.
1396 3467 1588 3523 Verumtamen
1604 3468 1674 3523 llere
1688 3483 1738 3522 no-

127 3564 207 3616 super
226 3552 378 3619 scientiam,
394 3569 442 3608 scu
460 3571 541 3622 super
554 3557 736 3627 quodeunque
750 3558 907 3614 tlorrorunt?
956 3575 1010 3617 ster
1026 3562 1072 3631 qtri
1089 3563 1116 3614 in
1131 3560 1201 3616 eoelo
1215 3571 1242 3614 et
1266 3562 1293 3614 iu
1318 3573 1389 3614 terra
1406 3560 1531 3614 universa
1552 3537 1738 3624 lacit,⁴erellat

128 3640 231 3694 biterrim
258 3655 355 3698 cuncta
379 3661 440 3715 quar
457 3648 490 3701 ad
512 3662 612 3716 pueros
624 3648 807 3715 devenerunt,
822 3651 906 3705 multo
958 3671 1008 3709 tros
1021 3669 1035 3708 a
1048 3653 1226 3716 daemonibus,
1239 3663 1266 3707 ct
1280 3651 1427 3706 larrviliares
1443 3651 1494 3705 sibi
1514 3649 1594 3705 iaciat
1617 3666 1664 3720 pcr
1678 3632 1738 3704 sit-

127 3736 253 3792 inlcriora
277 3745 340 3790 suut
363 3737 405 3790 lris
417 3752 478 3807 quae
500 3739 618 3808 reposita
631 3749 695 3795 sunt
708 3741 783 3797 riris.
804 3741 906 3796 Debent
955 3754 1207 3800 vaturemuostrum
1219 3742 1311 3798 lesum
1325 3743 1475 3799 Christum.
1493 3741 1587 3797 liidete
1602 3759 1666 3813 ergo
1689 3757 1738 3799 ne-

125 3842 189 3896 rrgo
204 3843 257 3881 non
269 3828 369 3882 elevari
391 3836 417 3881 et
431 3829 571 3898 superbire
594 3829 612 3884 ii
631 3831 677 3900 qul
695 3832 821 3887 videntur
836 3833 906 3887 inter
955 3839 1067 3908 giraudo·
1076 3837 1225 3906 decipiatur
1246 3837 1362 3905 alicujus
1378 3851 1410 3889 cx
1425 3835 1503 3889 robis
1525 3835 1627 3897 anima,
1642 3843 1671 3888 ut
1684 3835 1735 3889 ad-

125 3936 223 3990 pueros
244 3921 358 3976 acrioris
382 3922 480 3991 ingenii
499 3933 527 3977 ct
548 3923 704 3979 velocioris.
726 3923 793 3980 lstos
816 3935 905 3981 autem
955 3929 1008 3983 bue
1021 3928 1140 3997 ambigat
1155 3936 1183 3982 et
1194 3927 1309 3991 dubitet,
1325 3942 1388 3982 eum
1402 3927 1520 3982 audierit
1533 3926 1608 3980 illum
1623 3937 1649 3980 et
1660 3926 1734 3979 illum

126 4026 224 4078 pieros
246 4012 369 4066 bomines
390 4012 453 4066 dicit
470 4027 582 4079 ornnes,
597 4030 667 4084 quos
681 4027 707 4070 et
722 4015 846 4072 Salvator
859 4019 905 4074 de-
955 4021 1104 4085 bominem,
1118 4019 1145 4073 in
1157 4019 1204 4075 illo
1215 4020 1287 4073 idolo
1302 4019 1406 4073 clamen
1421 4018 1525 4074 curavit
1536 4018 1611 4071 illum
1627 4017 1737 4088 langue

125 4101 313 4155 monstrabat:
332 4101 407 4167 Ecce,
424 4103 559 4172 inquiens,
577 4119 634 4175 ego,
649 4114 674 4159 et
688 4109 762 4174 paeri
776 4109 825 4161 mei
840 4126 905 4179 gros
954 4121 1023 4172 retu,
1040 4107 1104 4160 illud
1120 4115 1147 4161 et
1169 4107 1234 4161 illud
1247 4106 1386 4160 divinavit.
1402 4105 1456 4162 lsta
1474 4107 1566 4162 omnia
1588 4106 1657 4160 idola
1673 4114 1736 4160 suut

126 4191 189 4242 aiibi
204 4192 276 4244 dedit
298 4191 376 4247 liras.
391 4192 497 4247 bonum
510 4196 613 4265 acecpit
624 4206 651 4251 et
664 4195 788 4254 Salvator
803 4217 817 4254 a
838 4200 903 4258 beo.
954 4197 1156 4272 daemonunt,et
1175 4197 1314 4251 bominum
1331 4213 1385 4252 non
1398 4196 1618 4267 cognoscentium
1636 4197 1736 4251 verita-

125 4272 209 4335 Nemo
220 4283 291 4335 euim
309 4285 382 4338 venit
394 4284 427 4337 ad
440 4300 522 4352 eum,
543 4287 566 4340 si
594 4303 648 4341 non
670 4290 717 4358 qrti
736 4291 809 4346 mlslt
823 4307 903 4358 curn,
955 4297 1019 4342 tunt.
1044 4287 1187 4342 Ascendite
1212 4286 1303 4341 auitae
1324 4286 1356 4341 ad
1380 4285 1463 4340 ileum
1483 4285 1529 4357 qui
1550 4295 1591 4340 est
1613 4286 1735 4340 ourttium

125 4374 264 4428 attraxerit
279 4375 429 4430 venientem
444 4376 478 4430 ad
493 4376 671 4443 Salvatorem,
686 4383 757 4436 sieut
770 4381 797 4435 in
816 4381 904 4437 Eran·
919 4384 941 4438 D
955 4388 1070 4446 creator,
1094 4393 1121 4434 et
1143 4389 1298 4449 comparate
1320 4380 1448 4449 pietatem
1474 4378 1553 4432 istam
1580 4379 1652 4432 ourui
1678 4377 1736 4447 (99)

125 4464 193 4533 pelio
206 4465 280 4532 quod
302 4467 449 4521 secundum
474 4465 604 4523 loannem
632 4479 674 4526 est
695 4471 849 4528 didicimus.
871 4471 903 4528 tir
955 4486 1015 4540 quac
1039 4471 1214 4524 atinuntiatur
1237 4486 1297 4524 esse
1311 4470 1407 4540 pletas.
1423 4484 1471 4523 nee
1488 4480 1529 4523 est
1544 4469 1640 4538 pietas,
1654 4469 1737 4523 etri-

124 4555 252 4622 ouoniam
269 4556 373 4624 accepit
386 4556 487 4641 donum
503 4572 519 4612 u
534 4556 613 4615 Patre
637 4576 684 4616 cos
705 4563 753 4632 gui
772 4564 902 4633 credunt,
954 4560 1015 4615 dete
1030 4563 1092 4631 quia
1117 4576 1167 4616 vos
1192 4561 1261 4615 beati
1286 4563 1362 4616 estis.
1379 4559 1447 4626 Quis
1468 4560 1540 4615 enim
1563 4560 1659 4616 similis
1675 4559 1737 4626 titt,
1763 4585 1773 4634 ιΙ

125 4645 225 4700 idcireo
240 4646 368 4733 propheta
383 4646 416 4701 de
428 4650 468 4702 eis
482 4651 521 4705 ait
536 4669 544 4706 t
562 4650 630 4706 Ecce
647 4671 693 4725 ego
708 4667 732 4709 et
747 4656 822 4724 pueri
838 4670 902 4726 qsor
954 4656 1053 4724 popule
1077 4654 1180 4709 salvate
1204 4669 1219 4708 a
1240 4652 1375 4709 Domino?
1389 4653 1444 4708 Et:
1469 4652 1553 4708 Beato
1573 4669 1634 4723 pens
1658 4651 1739 4719 cujus
1755 4651 1774 4690 ιῖ

125 4737 187 4789 »tritri
197 4737 268 4790 dedit
285 4736 363 4792 Deua.
376 4736 575 4808 Necputnndns
589 4756 630 4799 est
644 4760 697 4799 non
712 4744 843 4801 babuisse
854 4746 902 4816 qui
955 4745 1082 4800 Dominus
1099 4744 1167 4799 bear
1183 4747 1250 4814 eitra,
1263 4745 1372 4814 populns
1387 4761 1461 4816 quem
1484 4744 1560 4812 elegit
1581 4743 1608 4794 in
1627 4741 1733 4794 babitu·
1767 4725 1775 4807 ’ς

124 4827 238 4895 acecpit,
254 4841 315 4880 cunt
332 4829 421 4883 adbuc
434 4829 532 4884 babeat
549 4831 606 4900 ipse
620 4833 666 4901 qui
681 4835 794 4890 dederit.
955 4839 1050 4892 tionem
1063 4837 1115 4890 sibi
1126 4837 1159 4890 ⁸¹.
1177 4835 1257 4891 Beata
1273 4837 1373 4907 quippe
1390 4852 1456 4904 gens
1472 4832 1522 4887 luit
1534 4833 1670 4903 quondam
1684 4829 1734 4886 lu*

158 4914 184 4968 Ξ.
202 4915 301 4970 Deirule
317 4918 344 4971 iu
364 4919 475 4987 reliquis
491 4921 631 4988 proplietat
654 4921 777 4978 Salvator
791 4925 818 4978 in
838 4930 901 4996 pro·
953 4929 1083 4991 deerunt,
1097 4926 1143 4982 sed
1156 4926 1270 4996 perdidit
1285 4925 1489 4987 beatitudinem,
1511 4931 1537 4977 et
1550 4921 1634 4991 ejecta
1646 4928 1688 4976 est
1699 4921 1752 4976 uc*

123 5004 213 5072 pheta,
230 5007 323 5062 dicens
335 5007 455 5062 loturum
479 5025 537 5064 esse
551 5021 579 5064 ut
595 5027 655 5065 eum
683 5017 815 5084 imperit
833 5014 900 5086 'pue-
953 5018 1014 5072 loro
1028 5032 1088 5081 suo,
1101 5017 1163 5087 grtia
1177 5032 1238 5070 eum
1260 5017 1306 5085 qrti
1322 5015 1423 5070 missus
1438 5023 1480 5068 est
1496 5021 1523 5068 et
1545 4998 1736 5068 testimouium

123 5109 178 5157 ftis.
192 5097 267 5165 sigua
284 5107 309 5151 et
327 5099 446 5168 prodigia
468 5099 533 5153 llant
554 5100 580 5152 in
600 5102 692 5156 lsrael.
712 5101 796 5158 llabet
810 5114 899 5161 autem
954 5108 1049 5163 babuit
1061 5107 1160 5173 Patris,
1174 5122 1228 5161 rton
1248 5107 1334 5161 sulum
1356 5121 1405 5176 per
1424 5106 1509 5177 legem
1529 5113 1556 5159 ct
1575 5102 1736 5174 propbetas,

122 5184 161 5244 ita
178 5204 185 5240 :
205 5185 235 5239 Et
248 5197 326 5241 crrtnt
341 5189 417 5258 sigim
432 5200 456 5242 rt
470 5191 590 5261 prodigio
605 5193 631 5245 iu
647 5190 733 5247 lsrael
748 5211 763 5247 a
785 5193 899 5250 domitto
952 5214 1046 5253 verum
1058 5207 1085 5252 et
1098 5199 1124 5250 in
1142 5197 1227 5268 signis
1242 5207 1269 5251 et
1284 5197 1425 5266 prodigiis,
1440 5196 1572 5250 irtsitliaus
1587 5191 1734 5249 interlecti.

125 5275 250 5346 Soloort,
265 5282 309 5350 qui
326 5281 428 5336 trabitur
447 5284 474 5337 in
491 5294 578 5336 mutue
598 5283 672 5338 Sion.
693 5282 746 5350 Qui
761 5287 832 5341 enim
849 5287 899 5342 ba·
954 5287 1095 5344 Beatitudu
1117 5301 1180 5356 ergo
1207 5289 1409 5359 transmigrarit
1428 5288 1461 5343 ad
1483 5303 1533 5343 nos
1550 5284 1615 5343 lesu
1631 5281 1734 5341 Christi

158 5542 398 5609 ”lilonxtmlb
436 5548 540 5600 ’libid
566 5549 597 5602 te
633 5549 745 5622 ”ioan
764 5567 805 5617 nr,
821 5552 921 5617 51,δί
960 5553 981 5584 ⁸⁰
996 5552 1065 5608 l‘sal.
1087 5567 1146 5614 xcv,
1165 5553 1192 5607 5.
1230 5552 1495 5615 ereaturarum

159 5636 214 5707 iij
229 5638 304 5705 tiss,
316 5642 386 5694 omni
394 5657 403 5703 ,¹
417 5643 493 5704 edit,
506 5643 630 5696 oarniurrr.
