3788 6120
134 223 188 286 iss
711 228 741 290 S.
758 228 916 292 tiiissiiii
943 227 1162 292 iiiiiuobitii
1709 222 1758 289 ill

129 337 190 394 loco
204 336 303 393 dicitur
320 355 326 397 :
343 336 395 393 Hic
407 337 549 408 edificabit
567 339 700 397 ciuitatem
713 361 810 407 msam,
825 355 850 401 ct
877 362 919 401 rs·
931 366 955 422 Α
972 345 1065 415 igneos
1077 344 1183 415 lapides
1195 350 1388 399 consecratum
1404 347 1486 412 iquos
1500 339 1573 396 haud
1584 338 1667 396 dubie
1681 355 1760 413 ange«

128 433 206 486 dccci
217 431 393 498 captiuitatem
402 432 492 502 populi
502 433 623 500 mciilsa.
634 450 696 502 scr,
708 434 762 504 is).
772 435 810 492 ile
821 447 916 492 tritura
968 435 1010 491 ios
1030 435 1207 506 intelligimus
1223 434 1406 504 coelestesque
1422 431 1560 504 virtutes),
1575 440 1653 503 putet
1679 431 1761 492 luisse

128 533 218 576 arricrn
233 522 373 577 duodecim
388 523 507 593 lapidum
520 536 601 594 atque
616 541 795 594 gemmarum,
809 543 862 582 non
875 536 918 583 esc
968 541 1041 591 eum,
1054 528 1099 594 qul
1116 527 1232 584 terrenis
1248 527 1384 597 lapidibus
1399 536 1513 581 ornatus
1528 525 1573 590 sii,
1593 522 1761 582 ethabuerit

127 611 209 680 hujus
232 614 361 682 temporis
383 614 485 679 dicere,
507 630 568 671 cum
588 626 616 671 et
636 615 789 673 Graecorum
808 620 917 690 piminii
968 617 1176 675 similitudinem
1196 628 1224 674 ei
1239 615 1432 689 signaculum?
1445 615 1482 670 ite
1496 622 1594 669 astura
1609 614 1692 684 igitur
1706 627 1761 669 om·

126 703 289 769 scripserim
304 715 329 759 ei
344 704 513 760 Latinorum.
526 708 546 761 E
558 709 658 775 quibus
669 710 737 764 duos
750 720 855 763 tontum
869 726 917 764 ao·
969 711 1043 765 trium
1057 711 1187 780 lapidum,
1200 722 1226 766 ei
1239 725 1287 780 per
1298 719 1389 780 paries
1404 706 1583 778 singulorum,
1593 722 1648 761 non
1657 716 1701 762 esi
1713 706 1762 761 hrt·

127 792 247 857 nomba,
265 795 350 848 virum
367 807 466 850 sanciae
478 798 683 853 eiucncrahilis
699 799 837 855 memorias
861 800 919 869 epi·
966 803 1010 871 jas
1029 805 1159 872 temporis
1174 805 1287 870 dicere3
1306 815 1396 872 neqnc
1419 801 1493 855 enim
1517 814 1626 868 semper
1647 799 1761 853 dicenda

127 898 238 952 scopum
260 885 452 955 Epiphanium‚
478 889 525 958 qui
548 891 653 962 insigne
677 890 756 948 ischis
776 891 875 961 ingenii
892 901 920 949 ci
969 904 1033 949 suni
1047 895 1148 949 nustria.
1166 894 1243 949 Nunc
1259 904 1363 948 tautum
1383 893 1417 947 dc
1432 891 1611 954 cariumculo,
1633 889 1763 957 sapphiro

126 976 287 1030 cruditionis
310 993 365 1033 suae
386 977 497 1048 rciiqnit
520 980 657 1048 mdunmn,
680 982 753 1051 quod
780 982 920 1053 inscripsit
969 993 994 1040 ei
1018 984 1126 1054 iaspide
1152 985 1327 1040 disseramus.
1354 980 1543 1038 Carbunculus
1565 979 1612 1050 qui
1638 986 1761 1049 paratur,

127 1069 193 1136 ssepi
209 1069 291 1124 111111
309 1109 317 1135 2
332 1080 360 1125 ei
382 1071 498 1126 Plinium
513 1073 674 1139 secundum,
701 1077 825 1130 eumdem
847 1077 918 1146 apud
969 1076 1098 1146 simper
1122 1077 1245 1133 ordinem
1271 1075 1412 1140 sternitur,
1438 1073 1545 1128 ridetur
1570 1071 1637 1126 milri
1662 1071 1763 1140 ignitus

127 1157 240 1216 Latinos
269 1172 406 1216 oratorem
432 1172 460 1216 ci
483 1163 686 1234 philosophum,
712 1165 758 1236 qni
783 1167 809 1220 in
836 1159 922 1237 opera¹
969 1185 1062 1229 sermo
1090 1172 1233 1238 doctrina,
1264 1171 1310 1240 qni
1339 1169 1430 1240 ingnio
1454 1183 1548 1224 errore
1575 1166 1762 1231 tenebrarum,

126 1250 310 1317 pulcherrimo
335 1250 477 1308 Naturalis
498 1253 626 1310 ilistoria
647 1256 815 1312 tricesimum
834 1259 919 1328 septi·
971 1264 1107 1319 illuminat
1123 1264 1203 1319 corda
1219 1263 1398 1319 credentium.
1413 1261 1462 1316 iiic
1476 1269 1517 1315 est
1536 1274 1616 1330 quem
1639 1256 1765 1314 onustis

126 1356 201 1394 11111111
219 1341 327 1408 1111111111,
343 1345 390 1412 qui
408 1353 435 1399 ci
460 1355 598 1402 exiremus
618 1359 670 1414 cst,
693 1348 812 1417 lapidum
839 1360 921 1420 atquo
971 1353 1117 1425 Seraphim
1144 1354 1206 1410 iulii
1226 1352 1331 1423 lorcipo
1358 1350 1596 1421 comprehensum,
1627 1349 1662 1404 ad
1688 1345 1765 1403 isaie

127 1445 297 1501 gemmarum
320 1436 504 1506 disputatione
530 1439 686 1506 compluvii.
714 1438 747 1495 iii
777 1441 920 1497 duodecim
971 1446 1042 1501 labia
1057 1446 1197 1516 purganda
1214 1443 1284 1518 (isa.
1300 1445 1339 1514 rr)
1354 1460 1363 1510 ς
1378 1444 1426 1515 qui
1440 1442 1571 1505 nascitur,
1585 1440 1663 1511 iusta
1676 1436 1764 1494 uene·

128 1522 231 1590 lapides
259 1523 416 1581 scribuntur
443 1543 491 1598 per
521 1532 645 1585 ordinem
675 1533 702 1587 in
727 1531 820 1589 Exodo
843 1542 870 1589 et
892 1534 921 1589 in
971 1552 1033 1593 seos
1048 1536 1139 1603 ddem,
1153 1535 1180 1590 in
1197 1546 1269 1593 terra
1283 1536 1370 1603 Eriia,
1386 1535 1431 1590 ubl
1447 1543 1490 1591 est
1512 1546 1610 1587 aurum
1629 1530 1764 1602 optimum

127 1614 265 1681 Ezechiel,
282 1617 308 1672 id
323 1630 365 1673 esi
384 1621 413 1672 is
427 1618 466 1690 τῷ
484 1620 583 1691 λογιῐῳ
599 1620 675 1694 [mss.
692 1625 718 1679 in
733 1623 815 1697 logio]
831 1627 921 1695 ponii·
973 1626 1050 1700 (Gen.
1066 1627 1110 1698 ιι),
1122 1626 1244 1698 lapisque
1257 1627 1440 1683 carbunculus
1451 1627 1474 1691 ⁸,
1490 1635 1515 1681 et
1530 1622 1669 1696 prasinus.
1679 1619 1765 1676 Porro

86 1712 90 1720 '
126 1701 199 1769 1111,
216 1714 242 1759 et
258 1709 285 1760 ln
300 1723 402 1764 cotona
417 1718 500 1778 atque
517 1712 672 1768 diademate
693 1715 825 1785 principis
846 1715 922 1789 Tyri.
938 1703 960 1760 Β
974 1720 1131 1791 sapphirus,
1145 1720 1191 1790 qui
1207 1721 1317 1790 ponitur
1330 1720 1358 1776 in
1372 1716 1569 1778 laudamentis,
1593 1713 1658 1771 coeli
1683 1712 1766 1770 babes

126 1794 256 1852 Dicamus
269 1799 386 1868 primum
400 1801 434 1856 de
446 1799 539 1857 Exodo
556 1804 815 1871 :Quatuorordines
826 1806 923 1863 incesti
974 1811 1191 1876 similitudinem,
1205 1820 1232 1867 et
1245 1825 1327 1882 supra
1341 1825 1391 1867 uos
1403 1809 1475 1867 acris
1492 1825 1500 1866 :
1516 1808 1561 1878 qai
1578 1806 1640 1862 talis
1660 1814 1715 1870 ssi,
1737 1812 1766 1860 ut

126 1899 206 1941 erant
217 1888 352 1959 lapidum.
365 1890 439 1949 Ordo
450 1893 553 1964 primus
567 1896 782 1966 babuitiapidem
790 1899 920 1966 sardium,
934 1954 949 1972 „¹
973 1903 1060 1973 possit
1083 1901 1149 1957 illnd
1166 1901 1403 1970 Aristophanicnm
1424 1898 1515 1956 dicere
1537 1911 1599 1953 cum
1627 1894 1765 1961 Socrate,

128 1977 278 2043 topazium,
307 1983 495 2051 smaragdum.
517 1981 591 2041 Ordo
609 1987 756 2054 secundus,
773 1989 924 2044 carbuncu-
979 1990 1134 2064 ’Διροδαπῶ
1148 1991 1196 2046 καὶ
1210 1990 1369 2063 περιφρονῶ
1391 1989 1437 2045 τὸν
1457 1988 1551 2060 ἣλιον,
1574 1986 1646 2057 quod
1665 1999 1717 2040 nos
1739 1983 1765 2039 ln

127 2061 183 2121 lum
213 2067 542 2142 sapphirumjaspldem.
559 2073 632 2131 Ordo
644 2079 752 2142 tertius,
764 2078 880 2148 ligirium
902 2079 923 2150 1,
974 2084 1099 2140 Latinum
1128 2098 1282 2139 sermonem
1309 2093 1415 2138 vortere
1444 2090 1617 2152 possumus,
1661 2073 1765 2132 Scarrda

128 2162 266 2228 saliatem,
282 2164 476 2236 amethystum.
494 2164 567 2225 Ordo
584 2179 707 2238 quartus,
717 2171 923 2245 chrysolithum,
974 2193 1072 2242 asiam,
1089 2177 1221 2247 sciamque
1238 2176 1352 2246 despicio
1365 2171 1446 2244 (Vide
1464 2171 1578 2228 suidam
1594 2158 1620 2224 iri
1636 2183 1766 2239 περιφρο-

128 2255 274 2327 beryllum,
285 2260 443 2330 onychium,
454 2277 520 2317 auro
534 2264 737 2333 circumdatam
752 2275 779 2322 et
798 2266 923 2339 inscripti
973 2269 1051 2337 νεῖν).
1069 2267 1132 2322 Situ
1146 2281 1208 2322 cum
1221 2266 1304 2321 Paulo
1316 2271 1438 2334 apostolo
1455 2277 1464 2316 ι
1481 2259 1583 2315 Nostra
1599 2266 1688 2312 autem
1702 2271 1765 2310 cors·

129 2358 208 2403 erant
237 2364 271 2404 es
301 2352 457 2409 nounnibus
487 2355 629 2413 drtndecim
659 2359 777 2414 tribuunt
806 2360 923 2416 tiliorum
973 2360 1086 2415 uersutia
1115 2361 1142 2413 in
1163 2360 1234 2414 coelis
1253 2366 1293 2413 est
1316 2356 1442 2428 (Philipp.
1468 2370 1509 2422 iu,
1532 2352 1591 2423 20).
1616 2348 1766 2406 Ezechielis

129 2438 214 2495 israel
229 2442 330 2511 (Euod.
346 2460 443 2512 saurir,
459 2446 563 2518 ii-ai).
579 2448 607 2503 in
622 2465 677 2519 quo
694 2452 842 2507 notandum
853 2454 923 2522 quod
974 2466 1084 2522 quoque
1098 2449 1239 2521 Scriptura
1254 2456 1462 2512 commemorat,
1477 2445 1548 2516 quod
1564 2444 1644 2499 locus
1663 2441 1691 2496 in
1713 2453 1766 2510 quo

129 2533 267 2588 secundus
281 2535 349 2591 ordo
363 2536 483 2607 lapidum
500 2539 581 2595 ctiam
597 2539 623 2593 in
640 2542 768 2611 presenti
783 2540 922 2614 Scriptura
974 2544 1088 2598 thronus
1107 2540 1152 2597 liei
1174 2541 1221 2606 sii,
1241 2539 1361 2612 sapphiri
1383 2539 1481 2593 habeat
1503 2533 1724 2594 similitudinem,
1739 2539 1766 2586 ct

130 2622 168 2677 sii
181 2624 296 2696 positus,
314 2628 508 2696 carbunculus,
526 2633 682 2703 sapphirus,
699 2643 727 2688 ct
738 2635 834 2705 jaspis.
855 2636 923 2704 licc-
974 2634 1060 2704 gloria
1082 2634 1189 2690 bomini
1208 2634 1235 2687 in
1258 2624 1311 2688 hoe
1325 2630 1419 2687 'colore
1440 2628 1581 2691 consistat,
1605 2624 1653 2696 qui
1678 2629 1767 2694 portat

132 2717 195 2771 dum
210 2717 283 2772 culm
298 2719 417 2789 perlecta
435 2725 595 2788 retinemus,
610 2740 661 2783 nec
676 2726 708 2781 ad
726 2725 813 2796 prima
827 2741 924 2797 perre-
976 2725 1120 2798 imaginem
1132 2723 1344 2795 arrpcrcoeiestis
1353 2721 1407 2777 Sed
1422 2731 1450 2791 ei
1470 2716 1677 2791 propugnacula
1693 2713 1766 2770 urbis

132 2809 235 2876 rrimus,
255 2813 317 2881 qnia
333 2829 406 2869 nunc
420 2831 469 2885 per
480 2816 619 2887 speculum
646 2817 769 2874 videmus
791 2819 818 2873 in
840 2820 923 2888 aenig·
974 2817 1133 2883 iiominicae,
1152 2819 1202 2872 boc
1221 2824 1265 2873 est
1279 2828 1420 2872 murorum
1437 2812 1541 2868 moenia
1558 2807 1669 2880 iaspide
1687 2808 1765 2863 roba·

133 2908 217 2954 ruaic.
230 2898 351 2956 Porroiu
364 2898 489 2959 Ezechiel
504 2907 545 2960 sic
555 2905 687 2976 scriptum
699 2907 851 2977 reperimus
863 2926 870 2964 ι
884 2907 924 2964 Ta
975 2920 1081 2979 rantur,
1091 2910 1145 2980 ‚qui
1162 2919 1277 2981 possunt
1293 2921 1402 2963 omnem
1422 2904 1593 2960 altitudinem
1613 2901 1765 2957 elevantem

133 3008 160 3045 es
190 2993 353 3063 signaculum
381 2996 563 3052 similitudinis
586 3007 612 3052 ei
636 3014 733 3054 corona
759 3000 872 3065 decoris,
896 3002 923 3056 in
937 3041 959 3099 c
975 3019 1006 3060 se
1020 3012 1114 3058 contra
1125 3000 1267 3059 scientiam
1279 2997 1327 3053 bei
1342 2998 1482 3054 destruere
1495 3004 1579 3066 atquc
1593 2992 1766 3057 convincere,

133 3083 235 3138 deliciis
250 3087 369 3154 paradisi
386 3086 435 3142 Dei
450 3089 535 3159 (aisti.
553 3092 630 3145 Omrri
646 3091 732 3158 iapida
748 3094 833 3163 primo
846 3091 924 3146 irtdu·
976 3105 1004 3151 ct
1022 3093 1191 3150 mendacium
1210 3091 1346 3163 subjicere
1363 3089 1470 3146 veritati
1490 3084 1599 3161 (snei.
1619 3101 1651 3154 ις
1668 3081 1684 3140 i
1705 3082 1766 3140 cm.

133 3182 176 3227 ius
201 3192 239 3240 cs,
262 3177 363 3242 sardia,
390 3181 503 3247 topasio,
533 3190 557 3235 et
585 3183 737 3253 smaragdo,
763 3185 924 3239 carbunculo
977 3189 1033 3258 rr).
1058 3186 1110 3259 Qui
1139 3202 1204 3258 ergo
1229 3187 1258 3241 ln
1284 3183 1446 3255 disputando
1472 3180 1640 3239 iustissimus
1662 3186 1717 3241 est,
1740 3184 1768 3233 et

132 3274 159 3319 11
187 3269 311 3337 1111111111
328 3280 353 3322 11
371 3270 487 3339 11111111,
505 3284 613 3342 dicento
632 3290 744 3345 qaoque,
770 3287 794 3330 et
812 3293 880 3330 aura
899 3286 924 3334 et
976 3288 1132 3337 sanctarum
1148 3275 1351 3348 scripturaram
1369 3273 1533 3331 testimoniis
1545 3274 1701 3336 roboratus,
1717 3268 1768 3327 ists

134 3359 307 3431 spartariam
326 3363 428 3431 achaic,
444 3376 467 3420 et
494 3368 639 3439 amethysto
661 3377 685 3422 ci
708 3369 877 3439 chrysolitha,
896 3380 924 3426 st
977 3369 1208 3443 propugnaculum
1224 3368 1354 3425 Ecclesia
1367 3377 1424 3425 cst.
1442 3363 1582 3436 laspidum
1603 3363 1690 3418 mulia
1705 3368 1769 3417 sum

134 3450 244 3522 tarplic,
260 3464 283 3507 ei
300 3454 445 3524 myrhina,-
459 3472 575 3530 auroque
593 3459 696 3527 replesti
710 3459 847 3515 iiresasras
864 3471 923 3516 inm
977 3478 1076 3534 genera
1095 3479 1103 3522 s
1120 3463 1192 3518 alius
1203 3471 1244 3518 esi
1257 3462 1329 3516 enim
1345 3458 1480 3531 smaragdi
1494 3456 1599 3512 habens
1611 3450 1770 3511 similitudi·

134 3553 159 3598 ei
169 3544 253 3617 638
262 3547 422 3616 ιιροιθιοιιιι1
436 3557 496 3605 tuas
509 3551 536 3605 in
548 3554 613 3606 ted
629 3567 681 3622 qua
694 3553 737 3608 die
748 3552 870 3608 conditus
882 3570 921 3620 es,
976 3572 1037 3612 nem
1050 3555 1072 3621 1,
1089 3555 1135 3625 qui
1155 3552 1289 3625 reperitur
1304 3553 1332 3608 ln
1343 3551 1466 3607 lontibus
1481 3546 1696 3604 Thermodontis
1720 3543 1771 3601 ds-

135 3651 193 3689 eum
212 3635 350 3692 Cherubim
364 3641 441 3706 posui
456 3651 481 3694 ie
495 3640 523 3694 in
538 3649 731 3696 montesancto
748 3660 824 3710 mea,·
848 3645 923 3716 [aisti
974 3642 1067 3709 urinis,
1081 3642 1164 3714 639
1177 3652 1204 3697 et
1216 3650 1328 3698 iocatur
1343 3639 1521 3696 Grammaiias
1547 3638 1571 3705 1,
1595 3651 1651 3706 quo
1675 3636 1770 3692 amaia

52 3772 57 3784 .
134 3728 163 3782 irs
178 3728 262 3783 medio
277 3727 396 3798 lapidum
412 3731 567 3802 iquitorum,
583 3732 771 3789 immaculatus
785 3735 813 3789 in
832 3735 924 3790 dicbus
976 3734 1165 3805 phantasmata
1184 3733 1272 3805 iugari
1285 3738 1438 3788 autumant.
1454 3727 1532 3787 Alius
1549 3727 1664 3787 uiridior
1687 3727 1772 3794 marl,

136 3817 191 3873 tuis
206 3820 431 3890 sequaconditus
444 3835 482 3887 es,
496 3821 577 3876 donec
592 3821 702 3876 insensior
715 3832 776 3875 sani
789 3823 815 3876 in
841 3822 925 3876 teini-
947 3885 950 3891 ,
976 3836 1004 3881 ei
1020 3825 1121 3882 tinctus
1142 3824 1221 3896 quasi
1240 3824 1371 3892 nortiam
1391 3823 1464 3880 huuc
1483 3822 1512 3878 in
1532 3820 1657 3894 Phrygia
1677 3827 1773 3877 moute

135 3910 248 3979 1111111111
273 3921 325 3966 11111
354 3910 463 3982 (1111111
492 3927 606 3977 1111111,
630 3911 665 3967 12
687 3921 711 3966 11
739 3913 834 3984 ⁸eddi·
860 3913 926 3980 Quis
976 3919 1033 3985 ida,
1050 3928 1079 3976 ct
1095 3920 1122 3974 in
1141 3917 1364 3989 prolundissirnis
1382 3918 1518 3986 specubus
1532 3913 1592 3986 elus
1608 3912 1687 3971 nasci
1702 3911 1775 3971 reis·

137 4003 209 4058 onim
224 4013 279 4058 tatu
294 4004 393 4061 stulius
407 4013 435 4061 et
449 4005 573 4060 vecordis
589 4003 701 4075 ingenii,
717 4014 746 4060 ui
760 4004 786 4058 in
801 4005 926 4073 paradiso
978 4013 1154 4069 fairaihan
1170 4012 1320 4084 rerojnsta
1334 4010 1438 4076 iberos,
1449 4007 1645 4081 hyrcanosque
1655 4013 1683 4063 st
1696 4018 1776 4063 mars

139 4095 196 4160 bei,
215 4098 330 4166 positum
348 4096 499 4169 principem
525 4094 600 4169 Tyri,
630 4110 822 4168 quemcunque
850 4095 926 4151 iiiam
977 4103 1106 4175 Caspium
1118 4101 1248 4174 reperiri,
1264 4112 1291 4157 m
1304 4100 1525 4172 praecipuajasra
1536 4096 1741 4156 lsaumiieashr
1751 4096 1774 4155 1.

138 4204 200 4247 csse
215 4189 373 4259 crediderit,
383 4199 411 4246 ei
425 4190 564 4247 conditum
575 4190 645 4245 intur
657 4187 805 4246 cherubim
817 4198 845 4245 et
855 4187 928 4246 iuter
978 4194 1028 4252 Eri
1040 4204 1067 4251 et
1079 4193 1150 4251 alius
1159 4192 1247 4266 iaspis
1259 4192 1316 4249 uiri
1343 4201 1372 4250 ei
1389 4206 1493 4264 spumae
1511 4190 1682 4247 marinorum
1703 4186 1774 4248 flue·

178 4419 866 4491 ¹bactramobtinatusgncasism,qaodSuccini
889 4422 1041 4490 po-nsirc
1060 4420 1147 4491 αὐτῆς
1168 4420 1322 4493 δυνάμεως·
1342 4421 1437 4493 sti’q
1486 4419 1516 4474 iu
1538 4419 1598 4472 issi
1635 4417 1775 4489 suscripta

138 4495 195 4551 iius
211 4501 477 4575 quamgemmaecsi
495 4506 589 4560 genus.
609 4487 676 4570 Vide
692 4492 819 4559 quaebac
837 4491 872 4547 ds
905 4506 936 4547 re
990 4493 1038 4546 καὶ
1063 4490 1173 4545 brusaei
1214 4532 1223 4557 ,
1250 4490 1312 4545 obre
1331 4493 1402 4545 πάνυ
1423 4436 1580 4554 octiduum,
1603 4435 1670 4543 oisc
1690 4489 1776 4545 stirs

139 4576 304 4622 annotamus
316 4580 342 4619 m
356 4563 437 4634 epist.
456 4560 491 4614 Gi
510 4563 543 4615 ad
563 4558 681 4626 Fabiol„
705 4576 781 4618 num.
804 4561 849 4617 ti.
872 4560 937 4615 bin·
988 4561 1152 4615 ἀποδέουσα·
1187 4561 1236 4627 tin
1250 4562 1278 4615 si
1292 4561 1460 4634 κρυστάλλου
1468 4558 1545 4613 ὕδατι
1560 4559 1652 4627 ὁμοία·
1672 4559 1774 4630 suptdq

143 4634 264 4693 lucusiani
283 4649 351 4692 mss.
373 4631 530 4687 eorundum.
988 4630 1017 4684 dt
1044 4633 1091 4685 aral
1122 4631 1190 4692 παρ’
1206 4630 1314 4700 'lappas
1333 4630 1380 4683 sai
1405 4629 1519 4698 mospius
1550 4627 1695 4697 Ὑρκανῶν
1718 4630 1776 4691 τοῖς

175 4710 184 4738 1
199 4708 256 4758 itan
264 4704 488 4768 ascensoriam
500 4709 560 4755 tuas
570 4701 597 4755 iu
606 4717 636 4755 ca
648 4701 757 4771 dic‚quu
766 4700 888 4754 conditas
897 4716 935 4754 cs.
989 4701 1061 4754 κατὰ
1084 4699 1135 4771 τὴν
1161 4701 1291 4754 Κασπίαν
1303 4701 1364 4770 γῆν·
1382 4701 1430 4755 καὶ
1447 4697 1527 4759 ἄλλος
1549 4698 1645 4761 iscar<
1659 4698 1673 4750 d
1689 4696 1774 4761 πάλος

175 4775 275 4843 ¹inpii
288 4773 390 4828 Victor.
402 4771 540 4826 contrario
556 4774 653 4828 ordine
665 4771 879 4826 carbunculant
892 4770 936 4824 la·
989 4768 1157 4839 καλούμινος
1171 4769 1338 4840 (Lagentium
1359 4771 1465 4825 ridetur
1482 4785 1490 4824 ι
1506 4768 1611 4836 aliq...
1629 4766 1778 4823 παλαιά.,.’

140 4851 179 4918 pis
196 4846 318 4913 prasinus
331 4845 409 4928 iusta
426 4857 533 4897 sacrum
561 4849 677 4924 testium.
701 4841 762 4896 Mox
783 4855 891 4913 quoquc
911 4848 937 4894 et
989 4839 1168 4909 καλουμίνη),
1185 4841 1215 4893 οὐ
1230 4841 1301 4895 πάνυ
1320 4839 1478 4922 λαμπαιιαα,
1500 4837 1606 4908 χλωρὰ,
1621 4837 1639 4907 h
1656 4853 1700 4900 τις
1714 4836 1772 4905 ἔχει

140 4912 928 5056 titbiiiiii'iiiiiii,“i'ttlii¹¹i¹·nm.‚
990 4909 1124 5049 iiiiii
1135 4904 1772 5051 iiiiiiilti'iiiiaiiitiiiit‘

142 5061 230 5122 crrjns,
266 5068 294 5109 ut
315 5056 456 5118 conleras,
484 5051 578 5106 Graeca
605 5051 687 5106 rerba
713 5051 926 5104 describemus:
1024 5050 1080 5102 1Ιιι
1103 5049 1283 5103 Anthrosiauo
1313 5064 1366 5103 non
1396 5048 1587 5110 Grammaiias,
1608 5045 1774 5101 sedtiraecis

144 5129 222 5183 'iiam
236 5125 274 5195 τῷ
291 5125 355 5178 εῖδει
371 5122 575 5194 αμαραγδὶζων·
602 5124 677 5192 παρὰ
692 5121 720 5173 si
735 5120 770 5172 τὰ
783 5118 862 5189 χιῑλη
881 5117 928 5171 τοῦ
983 5116 1085 5173 litteris
1099 5118 1334 5176 sbicoisibii
1349 5119 1487 5174 scribitur.
1503 5115 1537 5170 iu
1551 5115 1669 5171 sanasse
1688 5116 1774 5187 'hisa-

143 5196 337 5268 itsppdbarsm
363 5193 490 5262 ποταμοῦ
511 5192 671 5274 εὑρίσκεται
687 5191 734 5242 καὶ
758 5189 823 5259 περὶ
843 5187 930 5257 'Apo-
984 5187 1092 5250 bodera<
1110 5204 1203 5243 rerunt
1220 5203 1280 5257 cius
1291 5199 1333 5244 esi
1347 5188 1445 5270 lapidis
1456 5200 1565 5250 noaren,
1578 5185 1713 5255 siquidem
1730 5188 1774 5239 iu·

144 5268 244 5321 θοῡνπα
259 5265 307 5332 τὴν
323 5268 353 5315 ὲν
369 5265 485 5332 Κύπρῳ·
502 5261 627 5315 τουτοδὶ
644 5260 710 5319 ἄκος
729 5253 799 5312 εἶναι
823 5273 930 5324 querc·
984 5257 1073 5311 rerttri
1088 5259 1163 5312 illum
1179 5260 1245 5328 περὶ
1268 5259 1451 5328 ’ipsumam
1475 5258 1548 5310 circa
1568 5256 1775 5319 Amathusium,

144 5339 258 5406 αράτων
273 5338 296 5388 ol
311 5334 456 5403 μυθολόγοι
472 5333 595 5400 λέγουσι·
613 5330 681 5400 ἄλλη
699 5328 727 5382 δὲ
739 5329 798 5381 lars
810 5327 931 5394 γλαυκο·
984 5342 1047 5395 quas
1074 5327 1101 5381 ln
1126 5328 1216 5398 liypru
1231 5339 1284 5395 esi,
1305 5329 1386 5383 ruodo
1400 5328 1524 5381 laudatus
1539 5322 1710 5392 Epiphanius
1724 5328 1777 5378 do·

144 5425 213 5479 τερα
238 5407 391 5474 θαλάσσης,
415 5404 483 5469 ἄλλη
501 5402 528 5454 δὲ
555 5401 693 5471 βαθυτέρα
710 5399 749 5469 τῷ
777 5399 855 5451 svin
880 5395 931 5465 τῆς
986 5398 1051 5451 cnit·
1073 5397 1139 5451 Vide
1164 5408 1315 5453 rrrrstraictn
1342 5398 1457 5453 Plinium
1483 5396 1501 5448 i.
1519 5408 1624 5456 assuit,
1644 5408 1708 5461 cap.
1727 5394 1776 5459 29,

146 5477 248 5549 βαφῆς,
277 5480 307 5530 ὲν
338 5479 396 5537 τοῖς
424 5473 575 5540 σπηλαίοις,
605 5472 634 5523 ἐν
652 5470 692 5539 τῷ
709 5470 768 5540 ὁριι
791 5469 830 5536 τῷ
849 5471 879 5521 is
896 5468 930 5535 τῇ
986 5467 1182 5536 ubijuspidetn
1199 5467 1397 5523 Grammaticus
1423 5475 1566 5529 irremorsi,
1594 5475 1697 5534 quaesi
1714 5467 1777 5519 slsis

144 5552 261 5617 dpugia,
277 5546 446 5615 ὸμοιὰζουσα
459 5546 600 5613 πορφύρᾳ,
616 5542 665 5608 τῆς
681 5541 737 5592 απὸ
749 5539 797 5593 τοῦ
815 5539 932 5608 αἵματος
987 5538 1109 5606 pluribus
1121 5532 1326 5608 Polygrammos
1343 5538 1454 5591 dicitur.

147 5638 162 5672 κ
181 5605 243 5684 pion
255 5616 436 5686 διαυγεστέρα
447 5614 558 5682 μᾶλλον,
572 5614 667 5681 ὡσπερ
679 5610 742 5678 einp
753 5609 932 5678 ομοιάζουσα,
1023 5605 1117 5659 ‘linus
1134 5608 1278 5678 iimnpsias
1287 5610 1406 5678 appellat
1421 5605 1586 5675 sahniqrurn,
1599 5617 1648 5659 scu
1658 5601 1777 5674 ὴιρόια.

147 5693 163 5760 ii
183 5689 337 5759 αμεθύαῑον
354 5686 509 5755 ξανϋ·ν··ἑρι·
532 5685 561 5736 uri
589 5699 642 5751 pap
665 5685 727 5751 picot,
746 5680 852 5751 pqoiist
873 5679 933 5731 uiui
989 5693 1039 5731 nutu
1060 5675 1164 5734 ἴασπιν.
