3788 6120
127 388 166 457 13
711 389 740 451 S.
763 389 919 450 nitsnntt
939 388 1167 450 trienttrttttt
1715 388 1750 446 tt

128 507 154 558 in
167 503 279 559 circuitu
290 502 347 572 ejus
355 517 366 566 ,·
378 500 425 557 sed
439 516 499 572 quae
511 501 581 557 dieta
594 511 668 569 sum,
682 511 804 564 narrant,
816 500 909 556 idest:
924 515 948 562 Α
962 499 1094 570 propbeta
1122 500 1174 552 dmi
1190 499 1354 554 arbitramur
1371 513 1378 551 t
1399 497 1565 562 liturninure,
1587 501 1750 560 itinndnurr,

48 623 51 628 ⁴
126 594 209 660 suti,
224 593 328 657 coelum,
344 603 370 647 ιι
397 591 505 647 anulus
527 592 641 659 percipe,
660 602 731 644 terra
750 589 821 660 (lan.
837 591 913 658 tt,l,
965 592 1212 647 Jerusutnnruenit
1229 591 1299 646 eninr
1316 590 1751 662 luxtumetplurinliominitu·

125 686 165 758 Ξ).
182 684 240 743 Et:
256 687 320 744 lloec
344 683 408 739 dicit
435 682 562 738 Dominus
589 682 658 737 Drus
684 683 719 737 nd
745 680 915 738 lduutreonta
966 700 1012 752 prr
1025 695 1049 738 te
1064 693 1123 737 ortu
1135 694 1171 739 est
1187 693 1246 744 tet,
1265 681 1297 736 ln
1313 692 1337 737 te
1356 683 1490 750 disparebit
1507 678 1643 743 voutt'nur,
1658 694 1684 737 et
1697 682 1752 752 plo-

126 776 256 834 dttttt'trttn
279 775 368 831 rudini
391 792 407 828 u
432 774 557 838 bontra,
574 784 599 829 et
626 773 743 845 teputnn
767 773 802 828 ad
826 783 914 843 pentes
966 776 1007 831 rt‘u
1032 775 1104 829 illittt
1119 791 1196 845 super
1208 787 1232 829 te
1246 776 1397 830 ostendetur
1408 792 1418 829 .·
1431 785 1456 830 ιι
1471 775 1626 845 erudientur
1639 792 1708 844 repet
1724 776 1751 828 in

125 867 197 925 tttitit
215 867 296 938 (dod.
322 883 342 932 t,
357 866 403 935 1).
424 863 567 935 Propous
588 866 659 920 enirn
686 867 760 932 prius
780 865 915 921 vocabar·
965 867 1064 921 lutnine
1079 877 1134 930 tuo,
1152 876 1176 919 et
1196 878 1283 935 pentes
1301 869 1328 920 iu
1348 866 1486 934 splendore
1503 876 1548 920 tuo
1563 882 1572 919 :
1587 867 1691 935 qnurtdo
1710 881 1752 918 oe-

126 957 301 1014 tttrrldeutes
311 958 332 1024 ¹,
342 957 388 1026 qui
398 956 489 1012 dierre
501 963 628 1027 poterant
643 973 651 1012 ε
669 955 746 1012 Oculi
758 959 916 1011 nostrirem·
967 960 1037 1013 nient
1058 975 1145 1012 omues
1166 959 1216 1028 filii
1228 960 1285 1029 rjus
1301 960 1333 1012 de
1351 962 1436 1030 luitpr,
1454 971 1478 1016 et
1498 960 1562 1030 filie
1576 959 1647 1012 itlius
1662 960 1689 1011 in
1703 958 1754 1010 ltu·

84 1039 86 1042 ’
125 1049 222 1119 peruri
237 1048 381 1104 Dominum
397 1047 554 1117 (Probatur,
571 1049 678 1130 15).·Et
695 1068 703 1105 t
722 1050 763 1104 ad
786 1061 812 1105 te
832 1049 916 1104 terrui
966 1050 1044 1104 uteris
1058 1050 1242 1120 portabuntur,
1257 1059 1280 1104 et
1298 1053 1412 1119 operient
1432 1069 1490 1106 erun
1510 1049 1603 1106 cameli
1633 1048 1752 1103 tiodiem

126 1140 216 1197 ιιιιιιι
239 1155 309 1194 tneor
331 1140 377 1208 qui
401 1139 507 1195 balitus
528 1139 557 1193 t'n
579 1139 642 1196 roelo
666 1137 916 1208 (Perierunt).
965 1151 991 1196 et
1005 1139 1091 1207 droa,
1107 1141 1248 1211 offerentes
1271 1152 1406 1197 autumet
1423 1145 1542 1198 tltnrrrt
1559 1157 1649 1212 erepet
1670 1138 1755 1195 cmm

126 1232 205 1290 Unde
222 1242 250 1288 et
279 1231 439 1302 apostolisa
462 1230 603 1286 salvatore
626 1233 804 1302 praecipitor:
821 1230 916 1285 erute
967 1234 1197 1304 cottprepaluutur
1220 1235 1248 1289 iu
1272 1234 1477 1301 terreremur
1498 1237 1593 1290 arietet
1619 1232 1754 1287 Noluistis

127 1323 216 1380 oculor
234 1333 384 1386 ternensi
410 1322 494 1379 uidete
518 1324 649 1394 replentes,
682 1323 744 1389 uuio
764 1323 825 1392 jum
848 1321 916 1378 ulle
966 1327 1193 1396 properaturum
1212 1337 1289 1381 esurit
1306 1327 1449 1397 placabiles
1466 1330 1559 1384 lrortiu
1575 1343 1653 1396 super
1670 1324 1755 1379 altare

127 1418 238 1473 suntad
253 1432 361 1472 messem
376 1414 469 1488 (Jouu.
485 1432 524 1483 tr,
539 1416 595 1486 55).
613 1415 682 1471 letos
699 1416 790 1472 cordis
822 1419 915 1472 oeulos
967 1418 1074 1473 domiui
1091 1416 1159 1489 (ltu.
1176 1434 1248 1484 trix,
1264 1419 1279 1473 1
1298 1421 1396 1489 round.

127 1519 156 1565 ιι
166 1523 269 1581 sponsa
282 1508 400 1563 habebat
415 1508 442 1563 iu
456 1506 569 1564 Cantieo
582 1508 763 1573 cantieorum,
774 1506 819 1562 eui
835 1521 917 1576 spon·
1002 1506 1133 1576 Quodque
1151 1508 1178 1561 lu
1205 1508 1284 1563 titulo
1299 1511 1409 1578 ponitur
1425 1510 1603 1579 prophetasse
1625 1524 1687 1564 eunt
1705 1507 1755 1561 sub

127 1615 176 1657 stts
190 1600 255 1657 dicit
271 1618 278 1654 :
301 1599 453 1654 Vulnerasti
471 1615 516 1654 ror
535 1616 631 1664 uteunt,
649 1615 725 1653 soror
738 1616 794 1653 uteo
810 1611 915 1667 sponsu,
968 1594 1045 1663 Ouia,
1071 1607 1099 1653 et
1122 1597 1257 1665 Juatltam,
1277 1607 1304 1653 et
1329 1600 1430 1666 deltae,
1449 1610 1476 1657 et
1499 1599 1625 1664 Ezeclria,
1647 1599 1755 1668 regibus

127 1707 182 1748 atto
193 1706 226 1748 ea
240 1691 323 1748 erutis
340 1692 392 1746 tuis
406 1690 500 1762 (Garat.
519 1706 557 1756 tr,
573 1691 612 1759 9).
630 1690 661 1744 Et
677 1691 703 1744 in
719 1689 864 1759 Evangelio
878 1690 916 1745 le·
966 1687 1047 1754 luda,
1065 1703 1119 1743 nott
1138 1698 1166 1744 ιιι
1183 1690 1209 1745 ἱιι
1227 1690 1288 1745 aliis
1317 1691 1454 1760 proprioris
1471 1693 1584 1748 contuse
1604 1692 1756 1760 intelligen-

127 1782 913 1854 pimus:turertruromostrinteremtorum(botrum,
973 1779 1037 1836 dunt
1064 1788 1116 1844 est,
1135 1787 1164 1833 ut
1189 1782 1341 1836 treseiautns
1365 1783 1429 1850 quid
1452 1782 1502 1836 sub
1528 1796 1587 1851 utro
1603 1782 1755 1851 speetatiter

126 1874 183 1946 22).
206 1875 239 1932 lu
252 1876 342 1932 Veteri
365 1892 473 1949 quoque
496 1877 597 1932 dieitur
624 1876 822 1941 instrumento,
844 1874 916 1945 qnod
932 1840 953 1895 Β
972 1884 1033 1939 rege
1057 1869 1159 1925 dictum
1186 1871 1222 1926 sit
1238 1889 1245 1926 :
1263 1873 1311 1927 sed
1334 1886 1419 1943 nsque
1443 1873 1477 1927 ad
1505 1872 1584 1927 inem
1611 1871 1755 1927 uoluminis

128 1967 246 2040 popolus
263 1968 362 2023 uiderit
376 1982 470 2023 torem
492 1968 538 2021 [tei
556 1967 652 2035 illaad.
670 1982 716 2031 ux,
732 1965 787 2034 18).
811 1963 846 2017 Ex
864 1979 917 2031 rpuo
971 1961 1104 2031 seriptum
1121 1960 1250 2028 retertur,
1267 1963 1332 2031 quid
1348 1978 1470 2018 seorsum
1487 1965 1538 2018 salt
1554 1962 1629 2026 Ouia,
1645 1972 1672 2016 et
1691 1960 1755 2031 quid

128 2057 248 2114 Jlotttaui
271 2058 448 2112 deliratuouta
474 2060 638 2122 conticeant,
653 2059 699 2127 uui
715 2057 741 2110 iu
760 2059 862 2112 eustasi
890 2069 917 2114 et
970 2049 1170 2114 tub-loomim,
1182 2059 1209 2104 tt
1221 2050 1493 2118 euidentissime
1506 2054 1570 2120 uniri
1582 2053 1632 2107 sub
1641 2051 1757 2105 Euat-ltin

127 2147 220 2206 curtlia
239 2149 357 2226 amentia
387 2148 533 2218 propbetas
558 2156 634 2218 putat
656 2160 767 2204 renutra
788 2150 915 2205 dixisse:
970 2143 994 2196 el
1009 2156 1024 2196 a
1042 2142 1155 2197 llotuiuo
1178 2143 1327 2198 revelatam
1350 2145 1395 2198 tit.
1417 2142 1541 2198 Seiaruus
1560 2158 1668 2211 quoqm
1689 2143 1758 2195 Ere·

130 2241 307 2312 nequeenim
330 2240 422 2295 videre
441 2247 566 2309 poteraut
579 2238 651 2309 qnod
667 2239 835 2310 ignorabant.
854 2241 917 2296 Soio
972 2238 1061 2294 chiam
1079 2240 1106 2294 itt
1122 2239 1270 2295 Jerusalem
1285 2239 1296 2272 ⁸
1310 2224 1471 2294 duodecimo
1488 2254 1559 2293 anuo
1576 2238 1695 2300 liuntuli,
1711 2237 1757 2306 utri

127 2330 261 2399 quosdam
278 2327 396 2384 bureau
420 2340 449 2385 et
466 2327 617 2386 Jerusalem
641 2333 674 2386 de
697 2330 853 2387 coelestibus
875 2331 917 2385 iu·
970 2332 1014 2385 stri
1035 2331 1151 2386 ttomiuis
1177 2331 1203 2385 in
1226 2331 1301 2386 ltalia
1329 2331 1449 2385 condidit
1476 2329 1623 2393 ciuitatem,
1645 2344 1758 2398 regnare

128 2422 284 2493 terpretari,
302 2430 329 2476 et
353 2421 451 2476 lsaiattt
478 2423 528 2477 sub
544 2406 664 2491 'persona
691 2421 795 2477 Domini
818 2420 918 2477 Saluu—
971 2424 1109 2492 coepisse:
1128 2432 1158 2479 ut
1180 2422 1284 2492 liquido
1306 2430 1449 2492 appareat,
1468 2429 1569 2490 qttartto
1592 2421 1760 2488 antiquiores

133 2513 223 2567 toris:
240 2511 313 2580 quod
336 2511 544 2580 captiuitatem¹
567 2512 639 2567 iilius
660 2513 807 2581 provincie
824 2512 851 2567 iu
869 2527 919 2568 no·
971 2514 1026 2569 slot
1052 2522 1152 2568 nostrae
1179 2512 1412 2584 ilerdaenum
1438 2511 1558 2581 gentium
1585 2518 1757 2564 caeterarum.

129 2607 274 2655 straterra
291 2601 464 2669 praenuntiet,
480 2610 507 2654 et
524 2611 617 2668 postea
639 2601 754 2656 reditum
784 2616 917 2657 eouseen-
971 2602 1504 2674 iuterpretaturautetulsaias,tnitatut
1519 2599 1757 2664 Donbri⁸tluda,

130 2704 243 2760 sumque
251 2689 268 2725 ⁸·
282 2690 315 2744 ad
333 2699 449 2745 mornent
461 2701 584 2744 sanetum
601 2689 628 2744 iu
641 2691 734 2746 diebus
752 2691 916 2747 notissimis.
971 2693 1294 2764 coruscatiorlerusalem,
1317 2696 1383 2751 tirio
1404 2695 1477 2764 pacit
1495 2709 1505 2748 :
1521 2693 1612 2753 Orias,
1630 2693 1759 2762 fortitudo

133 2782 199 2848 ιιιιιι
214 2794 266 2834 nos
282 2779 419 2834 contrariu
442 2777 657 2834 Christianorum
677 2779 736 2835 ildei
753 2780 918 2850 iudicantes,
971 2784 1080 2840 Dentini
1093 2785 1250 2851 :Joatbam,
1274 2784 1382 2841 Domini
1407 2785 1759 2856 perfectio:battuerentur

64 2944 71 2960 ι
131 2871 259 2926 urrirersa
275 2870 303 2944 9
317 2870 494 2940 despicimus,
510 2878 538 2924 et
561 2881 706 2938 sentientes
729 2872 849 2928 bistoriae
869 2887 918 2927 ro·
972 2874 1031 2930 sire
1043 2877 1164 2931 rutrum
1179 2890 1189 2930 .·
1202 2874 1344 2940 Ezechias,
1357 2877 1496 2943 imperium
1510 2876 1626 2930 ltomini.
1640 2873 1691 2940 Qui
1708 2874 1759 2941 ipi-

35 2964 39 2973 '
130 2962 251 3027 ritatem,
262 2961 302 3016 sie
318 2962 529 3031 interpretamur
541 2963 732 3033 spiritualiter,
746 2974 775 3020 ut
789 2965 919 3036 quidquid
972 2976 1016 3023 tur
1033 2965 1148 3024 Dotrtlno
1165 2966 1326 3038 presidente
1341 2968 1469 3034 saluatur,
1484 2975 1512 3022 et
1526 2975 1568 3023 est
1582 2968 1652 3020 illins
1666 2971 1756 3023 birros,

131 3053 171 3109 illi
191 3052 226 3110 de
246 3052 351 3108 roebsti
374 3050 524 3109 Jerusalem
548 3055 698 3121 somniant,
716 3056 867 3112 reieramus
885 3057 919 3112 ad
973 3059 1000 3115 ld
1015 3069 1069 3125 est,
1086 3057 1165 3114 tortis
1183 3067 1265 3128 atque
1280 3059 1395 3123 robusti,
1412 3061 1499 3114 oeruit
1521 3058 1698 3127 spiritualiter
1719 3059 1758 3111 ri·

131 3145 233 3232 Christi
248 3144 407 3208 Ecclesiam,
422 3154 450 3199 et
463 3144 496 3199 ad
511 3145 617 3214 eosqui
632 3146 673 3200 rel
687 3157 796 3217 propter
809 3157 918 3217 peccata
934 3189 955 3247 c
972 3149 1078 3206 sionem
1097 3148 1285 3215 eordessiouls,
1302 3150 1364 3204 dnm
1384 3150 1492 3218 antiqua
1513 3159 1621 3219 peecata
1643 3149 1756 3219 deplan-

130 3239 308 3311 eprediuntur
322 3254 356 3292 ex
371 3252 414 3304 ea,
431 3237 473 3291 tel
490 3238 526 3292 ob
542 3238 730 3308 poeniteutiattt
746 3251 919 3296 revertuntur
971 3241 1010 3311 git
1029 3258 1037 3297 a
1056 3249 1087 3297 et
1108 3240 1194 3311 pacis,
1211 3239 1275 3293 dour
1302 3250 1362 3307 post
1384 3241 1570 3311 poeniteutiam
1596 3241 1695 3295 transit
1722 3243 1755 3294 ad

130 3332 165 3387 ad
178 3329 270 3387 retient
285 3329 441 3399 pristinam,
454 3328 487 3383 de
509 3343 562 3397 qua
577 3337 608 3383 et
619 3327 683 3384 illud
706 3328 732 3383 in
755 3329 804 3386 boe
821 3332 915 3387 eodem
969 3331 1069 3398 lucem,
1085 3341 1115 3387 et
1128 3341 1230 3387 aeterua
1254 3347 1320 3402 pare
1332 3333 1499 3403 requiescit:
1518 3343 1668 3402 cuneisque
1686 3331 1757 3386 iliius

168 3486 273 3544 ¹J’riua
299 3485 469 3540 rocuoanuu.
495 3482 622 3556 Legimus
645 3481 653 3536 l
679 3482 781 3554 Regum
806 3499 850 3548 ts,
873 3485 890 3540 9
909 3505 916 3540 :
970 3500 1033 3539 uam
1056 3486 1175 3557 linguam
1201 3502 1233 3543 es
1258 3486 1354 3544 Graero
1375 3502 1500 3544 sermone
1523 3488 1721 3544 transtulimus.
1744 3508 1753 3540 r

133 3557 201 3617 Oliur
228 3559 255 3611 in
281 3554 367 3609 lsrael
387 3555 424 3607 tic
445 3554 599 3622 loquetatur
619 3555 797 3622 unusquisqne
819 3553 916 3608 ondens
969 3555 1120 3612 llotteudus
1141 3566 1184 3611 est
1204 3566 1293 3613 autem
1315 3557 1399 3613 tector
1423 3556 1569 3627 Josepltutu
1588 3556 1754 3626 scaligerum

131 3628 268 3683 rotrrttlere
283 3626 385 3679 Drunt:
402 3622 491 3676 Venite
504 3633 529 3676 et
543 3639 635 3678 eomrrr
655 3622 689 3676 ad
708 3625 848 3677 sidentem.
864 3623 917 3689 Qui
972 3626 1050 3682 valde
1078 3625 1271 3679 balluoiuatum
1298 3626 1382 3682 luisse
1408 3641 1468 3681 curu
1495 3628 1600 3681 roravit
1620 3625 1754 3680 llisiurmur

131 3697 202 3754 ettiut
216 3695 342 3768 propbeta
356 3693 454 3746 dieitur
468 3693 555 3758 bodie,
571 3693 714 3747 recolatur
728 3691 791 3745 olim
816 3693 917 3749 ridens.
971 3695 1113 3762 Seraptr'tut
1142 3696 1255 3761 primunt
1274 3694 1505 3760 lenieoirionstu,
1522 3710 1582 3766 quae
1602 3708 1676 3749 setta
1695 3711 1757 3751 esse

133 3767 179 3826 Sic
194 3768 293 3837 saepius
309 3768 336 3818 iu
353 3764 429 3824 tibris
448 3762 547 3885 Ιιιῇιιιιι
564 3772 593 3818 ιι
608 3761 832 3832 ΡιιιιΙιροιιιιιιυιι
850 3777 918 3833 pro·
971 3763 1053 3818 dubet
1073 3766 1151 3833 jutta
1174 3765 1335 3819 diuisionem
1360 3765 1556 3832 capitulorum,
1577 3764 1757 3834 ordineturque

152 3839 222 3894 ltette
253 3835 424 3904 apellantur
452 3830 484 3885 l'i
504 3841 588 3887 entes.
617 3831 702 3886 isaias
728 3844 838 3902 qttoque
861 3836 918 3886 baec
974 3830 1113 3888 l'isiouum
1134 3833 1160 3886 iu
1179 3835 1369 3903 manuscriptis
1386 3834 1474 3901 libris,
1491 3843 1518 3888 et
1536 3837 1606 3904 apud
1626 3833 1758 3904 llierouy·

131 3855 215 3964 tabet
237 3851 306 3961 lurra
326 3917 386 3973 cup.
409 3917 473 3967 xxx,
488 3902 608 3958 titzbtr
635 3900 800 3964 videntum,
823 3901 848 3954 td
865 3909 918 3964 est,
974 3917 1047 3955 ntum
1075 3917 1147 3970 saepe
1171 3912 1291 3957 notatum
1310 3920 1317 3956 ι
1336 3918 1397 3959 naut
1419 3905 1447 3958 ln
1468 3904 1561 3958 eorllce
1583 3902 1756 3958 cluniacensi

133 3978 276 4047 propioris.
295 3974 361 4043 Cap.
372 3976 469 4026 iterum
483 3987 569 4038 rxxrt,
578 3972 605 4037 5,
614 3979 642 4027 et
653 3985 713 4038 cap.
726 3983 822 4033 autur,
832 3971 859 4032 l,
873 3985 920 4025 eo·
973 3981 1034 4041 post
1047 3972 1130 4042 primi·
1146 3973 1257 4039 eapindi
1271 3983 1428 4029 contextum
1441 3987 1548 4028 sacrum
1562 3983 1589 4028 et
1601 3973 1755 4043 llierouyuti

135 4049 196 4104 dent
212 4046 322 4103 nomine
336 4044 453 4098 ridentes
469 4041 596 4095 dicuutur
618 4042 769 4111 prophete.
788 4037 919 4094 Mutatur.
971 4042 1206 4106 tssotruueutarios,
1233 4039 1349 4112 legimus
1373 4043 1424 4097 boe
1451 4041 1553 4099 modo:
1580 4042 1652 4097 Vinio
1678 4041 1757 4097 ltoiu

168 4115 276 4183 'Quod
300 4111 492 4180 captiuitatem,
513 4119 566 4165 eto.
593 4108 760 4164 ltilteuarios
784 4110 837 4163 boe
863 4109 922 4176 loeo
970 4110 1096 4164 serundo.
1127 4108 1253 4164 Errorern
1285 4126 1366 4179 porro
1397 4111 1527 4180 scaligeri
1570 4111 1691 4166 inuenies
1729 4116 1757 4167 in

134 4187 249 4255 castigat
273 4183 465 4251 Hieronymus,
485 4181 531 4249 qui
555 4179 625 4233 libro
645 4176 746 4244 Script.
768 4177 871 4233 Erotes.
895 4179 922 4232 itt
974 4178 1242 4234 Attitnarersionibus
1259 4185 1292 4234 ad
1314 4181 1510 4250 chronologica
1530 4181 1757 4249 insertione,

135 4255 217 4326 Papia
239 4252 343 4323 respuit
366 4250 489 4304 eamdem
511 4250 686 4303 traditionem
706 4248 824 4303 diceust
843 4267 852 4300 t
875 4246 923 4301 llio
971 4249 1065 4315 oum,
1082 4251 1107 4302 iu
1125 4250 1188 4303 line.
1204 4248 1321 4305 Consule
1338 4251 1408 4305 inira
1423 4251 1642 4307 Corumeutarios
1664 4254 1691 4307 in
1711 4270 1757 4306 ra-

83 4341 86 4347 '
137 4328 237 4383 dieitur
254 4323 326 4377 tuille
343 4331 477 4374 annorum
491 4315 632 4371 Juduieam
648 4316 766 4372 edidisse
790 4317 923 4387 δευτέρω·
971 4331 1018 4389 put
1035 4320 1149 4389 primum
1167 4317 1253 4373 lsaiae.
1272 4319 1410 4376 llmrttrt.

25 4394 29 4401 '
135 4412 191 4460 σιν,
201 4408 280 4464 quent
300 4389 385 4446 secuti
410 4397 475 4440 sunt
499 4386 629 4451 lrenuus,
643 4395 671 4442 et
690 4386 873 4453 Apollinarius
895 4396 923 4441 et
1007 4387 1088 4443 Paria
1102 4388 1144 4444 ltis
1155 4398 1301 4459 sunt,qnae
1312 4392 1394 4445 tradit
1405 4389 1484 4459 epist.
1498 4390 1542 4455 18,
1554 4390 1587 4445 ad
1601 4388 1756 4458 Damasum,

136 4466 240 4525 eaeteri,
254 4461 300 4532 qui
317 4469 378 4529 post
391 4458 617 4513 resurrectionem
633 4457 708 4511 aiunt
722 4458 748 4511 in
762 4471 845 4511 earne
859 4471 921 4510 coru
975 4473 1050 4513 num.
1072 4457 1099 4524 l,
1112 4472 1173 4526 quae
1193 4470 1220 4511 et
1235 4459 1361 4515 itartiatt.
1391 4461 1418 4514 iu
1437 4460 1510 4515 boue
1531 4461 1620 4513 tocnm
1641 4461 1732 4515 laudat
1749 4480 1756 4516 ε

136 4536 246 4591 Sanctis
262 4530 404 4587 oorrduum
421 4537 609 4605 regnaturum.
622 4526 805 4582 ’l'ertullianus
817 4540 923 4605 quouue
937 4511 961 4569 ὓ
977 4545 987 4579 ι
1006 4520 1137 4596 ltepttarit
1155 4527 1235 4584 Orias
1258 4531 1335 4584 aunis
1353 4531 1548 4599 qrtiuquaginta
1569 4530 1685 4594 duribus,
1704 4547 1757 4598 uuo

136 4606 166 4663 ltt
181 4604 249 4658 libro
263 4603 295 4656 de
310 4599 364 4668 soe
379 4596 507 4660 fidelium,
522 4606 548 4650 θ)
569 4595 722 4652 llietoriuus
739 4593 925 4649 Pettbiottett·
977 4607 1098 4667 tetttpore
1116 4603 1186 4668 apud
1205 4599 1319 4655 Lartiuos
1337 4597 1468 4662 Arruntius,
1487 4599 1557 4668 apud
1578 4599 1758 4655 Atlteuieusee

136 4674 185 4742 als,
205 4681 233 4727 et
256 4666 414 4726 Lactantius
439 4665 490 4720 ttae
515 4669 642 4734 opinione
669 4664 849 4725 ducuntur.»
877 4663 924 4719 llis
975 4668 1137 4736 Agatttestor
1160 4667 1320 4722 undecimus
1336 4667 1494 4738 imperabat.
1512 4669 1576 4724 Post
1594 4670 1671 4736 eujus
1687 4687 1759 4723 utor-

138 4742 253 4798 addeudi
270 4748 336 4795 suut
353 4734 477 4791 Justlttut
493 4735 746 4815 sternumentum
762 4735 925 4812 Alexandri·
976 4743 1029 4791 teut
1043 4734 1125 4792 lsaias
1138 4737 1270 4806 propbeta
1282 4738 1352 4792 tratre
1366 4738 1508 4803 visionem,
1521 4753 1601 4807 quatu
1614 4740 1759 4808 explanare

136 4827 200 4878 uus,
214 4812 406 4878 Attreuagoras-
424 4815 451 4860 et
472 4806 591 4860 uounutli
612 4806 657 4860 alti
681 4816 831 4875 aertptores
851 4813 923 4857 atttt·
975 4821 1048 4861 uuae
1064 4805 1185 4889 trititrrur,
1202 4807 1280 4889 uidit,
1297 4808 1391 4871 idest,
1407 4819 1439 4860 eo
1458 4821 1529 4862 auuo
1546 4822 1600 4875 ιμιο
1615 4807 1756 4872 Romulus,

136 4881 360 5022 illidii}
373 4964 587 5021 ,rutrum
974 4873 1656 5016 litttttttttttttiu''ttttttbistit
1671 4892 1758 5002 'titt

173 5020 233 5076 “ln
254 5021 400 5078 Jerusalem
423 5021 656 5090 duodecennem.
679 5013 719 5071 Eu
742 5013 811 5095 libro
835 5023 924 5084 poste-
974 5028 1070 5083 porutn
1091 5014 1297 5085 utrumquem
1314 5028 1366 5096 noe
1386 5016 1412 5070 iu
1437 5016 1559 5072 Latinam
1583 5018 1700 5087 litrguaut
1721 5033 1752 5072 et

138 5093 212 5150 rlore
225 5091 424 5147 chronieorum
440 5090 549 5161 Eusebii
563 5090 621 5143 ltaee
637 5086 717 5142 babet
730 5084 922 5155 llteruupmus,
974 5082 1068 5140 Groeeo
1089 5097 1217 5141 sermone
1241 5086 1468 5140 transsaltuum.»
1495 5084 1579 5141 Porro
1597 5101 1642 5141 an.
1661 5090 1755 5141 muudi

138 5162 186 5234 qui
206 5175 314 5229 teutper
337 5163 364 5215 iu
389 5161 523 5216 historica.
544 5158 698 5213 narratione
718 5168 751 5209 ae
774 5167 924 5236 territorum
974 5151 1176 5211 titillaretur
1199 5154 1284 5211 tuisse
1306 5156 1454 5223 eortditam,
1472 5156 1550 5228 vulgo
1570 5167 1679 5225 recepta
1695 5170 1757 5211 seu·

138 5230 359 5295 annotationibus
373 5233 452 5285 tidem
471 5230 537 5285 lacit
549 5229 605 5284 sois
618 5227 698 5281 dietis
717 5238 750 5279 ert
770 5223 923 5292 bupusmodt
974 5227 1058 5279 tentia
1073 5234 1125 5280 ιιι.
1626 5254 1639 5273 .

139 5299 362 5373 syntagmatibus
384 5299 552 5356 Eusehtatris.
579 5298 669 5364 Quare
693 5295 720 5350 iu
745 5292 864 5363 Epistola
891 5291 924 5345 ad
1010 5293 1157 5349 'saluatus
1171 5292 1286 5349 Dorrtini.
1300 5290 1329 5356 lu
1345 5295 1464 5367 antiquis
1476 5293 1637 5351 editionibus
1648 5293 1754 5351 Erusru.

138 5371 286 5429 Daotasum
298 5368 332 5423 de
346 5368 449 5423 risione
466 5369 621 5441 Serapium,
638 5376 746 5435 ternpus
764 5361 925 5433 tennione
975 5374 1002 5419 et
1017 5362 1129 5418 llariatt.
1145 5374 1171 5418 et
1186 5364 1212 5419 itt
1231 5365 1326 5420 urultis
1346 5382 1412 5422 ursa.
1426 5367 1552 5434 lepituus,
1567 5362 1691 5418 Salvator
1706 5366 1757 5419 llo·

75 5439 80 5446 “
138 5455 173 5496 ae
188 5439 339 5494 tratiritatis
352 5437 459 5492 lioruuti
474 5438 624 5508 probatius
638 5438 725 5489 teritis
741 5433 924 5500 :tt’osteujtts
974 5435 1057 5499 utini,·
1071 5437 1117 5488 ted
1132 5433 1177 5487 alii
1195 5436 1303 5489 codices
1326 5445 1482 5490 eorrstuuter
1501 5436 1617 5490 retiueut
1639 5434 1756 5489 rainerus

140 5518 269 5574 mortem,
293 5509 392 5577 inquit,
412 5506 496 5563 isaias
524 5509 655 5578 propbeta
682 5504 753 5558 hatte
780 5504 923 5567 visionem,
975 5503 1096 5567 tiernium
1115 5512 1139 5557 ιι
1160 5516 1358 5572 eottseuueuter
1379 5505 1449 5558 batte
1467 5504 1609 5559 lectionem
1631 5521 1755 5574 corrupto·

140 5593 223 5653 quatu
247 5579 395 5648 explatrare
417 5592 489 5645 nune
513 5580 635 5644 nitituur,
657 5577 740 5638 vidit·
763 5573 790 5628 id
813 5583 869 5635 ιιι,
891 5586 924 5629 0⁰
973 5573 1020 5637 bat
1035 5571 1265 5644 llieroumuiunus
1278 5573 1506 5629 munimentorum.
1526 5575 1666 5629 tiresus.

141 5662 215 5707 anno
225 5663 280 5720 quo
292 5647 433 5711 ltottrolus,
449 5648 562 5714 ltomaui
576 5646 682 5715 imperii
696 5643 835 5713 eonditor,
845 5653 925 5696 uatus
1008 5643 1038 5699 lu
1054 5634 1199 5701 Nomtrrnm
1222 5643 1298 5697 tibris
1316 5640 1475 5714 plerumque
1494 5642 1567 5699 tulna
1588 5643 1695 5701 llondtti
1709 5656 1757 5703 er,-

140 5729 184 5776 ιιι
199 5735 208 5776 t
223 5722 294 5774 sieut
311 5715 485 5772 manifestum
502 5730 564 5772 ease
585 5717 684 5785 poterit
706 5714 750 5779 iis,
765 5713 812 5782 qui
834 5712 925 5791 volue-
973 5717 1082 5786 ponium
1096 5710 1183 5784 polim
1197 5719 1257 5773 erat
1270 5709 1397 5775 sabatur,

141 5792 200 5856 siut
215 5789 305 5863 lepore
318 5782 483 5858 'temporum
502 5787 712 5858 utrumquem
732 5796 788 5840 nos
804 5784 832 5842 iu
850 5778 924 5846 batt-
986 5790 989 5799 ’
1414 5795 1417 5799 ’

129 5870 140 5899 Ι
