3788 6120
123 358 157 428 11
839 367 1045 429 ΡΙιιΕΕΑΤΙΟ.
1111 440 1121 459 0
1716 374 1747 434 li

122 467 226 532 iuerat
253 471 445 552 colligenda,
474 475 554 537 liber
573 476 784 537 desideratur.
801 478 877 537 Num
906 480 936 540 in
954 480 1101 543 Generali
1126 482 1312 544 Prmlrrtione
1339 485 1637 559 osteudiruus,eaur
1668 485 1748 546 lalsu

82 576 85 580 ’
124 565 277 629 hactenus
295 570 472 633 invaluisse
496 581 640 633 veterum
656 590 692 632 aa
708 574 924 634 recentiorum
943 575 985 656 (a)
1012 580 1384 659 seutentiam,irrtegros
1421 582 1533 658 viginti
1565 583 1749 644 tuisso'ubs

123 665 323 745 Hieronymo
340 668 556 732 eluculiratos
575 671 693 748 quibus
706 672 772 749 jum
788 671 841 731 diu
855 673 930 732 olim
950 677 1192 750 quatuordecim
1209 691 1388 754 temporum
1403 679 1520 757 iniuria
1537 681 1745 740 excidissent.

122 764 253 824 Causam
274 782 406 842 quoque
424 767 493 844 ejus
510 768 627 827 erroris
657 771 748 846 quasi
766 768 868 846 digito
887 772 1137 830 ruonstrariruus
1154 762 1222 830 eum
1240 773 1414 842 exstitisse,
1435 774 1518 848 quod
1551 792 1605 834 ser
1639 774 1748 833 llieru-

122 859 318 937 nymilibris
335 861 366 921 in
384 879 453 924 una
472 862 581 936 aliquo
598 864 769 942 exemplari
789 864 853 941 jam
871 864 946 924 iurle
980 874 1052 926 aute
1084 867 1570 944 cassiodorumquatuordeeuu
1603 872 1749 929 llsmiitim

123 955 273 1035 origenis
289 958 320 1018 in
338 959 523 1035 ieremiam,
536 975 632 1036 quam
652 961 682 1020 S.
705 961 821 1021 Ductor
841 960 951 1021 Latine
980 961 1171 1032 reddiderat,
1198 962 1353 1024 subnexas
1368 964 1498 1032 l'ueriut,
1517 974 1612 1042 atque
1634 966 1748 1023 trabitur

121 1053 253 1117 totidem
274 1054 428 1116 librorum
444 1053 525 1118 loca.
547 1057 664 1117 Verum
689 1055 745 1117 liae
762 1055 1011 1136 deceptoribus
1032 1057 1063 1119 in
1090 1075 1125 1118 ea
1149 1058 1331 1120 l'rresatiune
1352 1076 1441 1121 num.
1458 1059 1510 1127 30,
1530 1077 1602 1136 qtrae
1617 1060 1642 1120 si
1671 1062 1748 1120 tanti
1821 1065 1825 1073 '

123 1158 212 1223 sunt,
234 1159 267 1213 ut
284 1151 405 1212 recolas
423 1168 539 1213 manea
557 1171 562 1213 :
581 1159 702 1214 certum
721 1153 842 1232 quippe
859 1170 896 1212 ex
918 1168 1026 1214 earum
1040 1155 1124 1215 serie
1138 1173 1245 1216 rerum
1259 1157 1354 1216 nobis
1368 1166 1427 1228 est,
1444 1159 1474 1218 S.
1496 1160 1661 1218 Ductorem
1681 1176 1748 1216 iira-

122 1249 192 1326 gnis
208 1248 389 1328 subitisque
404 1247 532 1310 lueresis
544 1249 719 1328 Pelagianos
734 1248 885 1317 motibus,
898 1248 1155 1328 factionibusque
1171 1253 1340 1330 impiorum
1358 1255 1536 1326 bominum,
1552 1254 1606 1332 qui
1628 1255 1659 1314 iu
1675 1273 1747 1313 euru

122 1357 253 1412 strenue
270 1367 325 1427 pru
340 1356 421 1412 recta
438 1349 497 1412 lule
511 1349 716 1412 dimicantem
729 1366 840 1411 munus
857 1349 1008 1429 injecere,
1023 1349 1062 1409 ab
1076 1350 1202 1427 incepto
1220 1351 1396 1429 abreptum,
1412 1362 1558 1428 prestare
1569 1353 1599 1411 iu
1617 1367 1654 1411 eu
1665 1350 1748 1428 quod

122 1444 274 1507 adfinem
293 1446 759 1524 usqueexpouereroluisset,
792 1462 855 1506 non
888 1446 1043 1523 potuisse.
1072 1448 1140 1506 lam
1171 1463 1228 1507 sex
1248 1446 1420 1527 illosquos
1451 1449 1749 1524 arrttantuuuuodo

122 1540 310 1619 elaboravit,
339 1549 392 1603 aut
422 1550 506 1604 certe
528 1543 615 1603 solos
632 1543 787 1604 editionis
805 1542 919 1602 lionori
944 1541 1098 1618 permisit,
1116 1544 1200 1621 quo-l
1222 1560 1335 1605 eorum
1362 1550 1636 1619 astuternspectat,
1667 1542 1750 1601 inter

119 1634 297 1715 Epistolum
326 1639 363 1698 ad
389 1625 625 1715 Ctesiphontem
659 1639 689 1698 in
707 1647 812 1699 nostra
840 1639 1028 1699 recensione
1045 1637 1101 1698 133
1117 1646 1147 1700 el
1165 1638 1334 1717 Dialogum
1350 1648 1458 1700 corrtru
1477 1639 1568 1716 l'elag
1584 1655 1661 1700 arios
1678 1656 1749 1698 curu

122 1733 219 1812 vulgo
237 1742 360 1811 recepta
384 1733 541 1794 sententia
556 1733 762 1794 collocamus.
780 1735 887 1810 anue
907 1733 1054 1810 palmaris
1071 1741 1241 1808 causaest,
1272 1736 1359 1813 quod
1392 1736 1422 1796 iu
1446 1735 1571 1813 aliquot
1596 1733 1748 1792 libroruin

121 1828 279 1907 Pralugis,
300 1831 369 1907 ejus
385 1827 528 1906 epistola>
543 1846 605 1908 qua
622 1838 729 1902 crintra
747 1830 868 1907 Pelagii
883 1828 1031 1891 baeresim
1056 1829 1221 1901 velitatur,
1245 1832 1440 1893 mentionem
1457 1831 1543 1903 iacit,
1568 1830 1749 1905 iisdemque

120 1925 253 1987 totidem
273 1925 350 1985 locis
366 1925 543 1996 minitatur,
562 1927 622 1986 nisi
641 1925 782 1987 liar-enei
798 1926 998 2002 resipiscunt,
1011 1926 1100 2005 justo
1118 1925 1281 1988 vellamine
1294 1944 1406 1990 aarum
1424 1928 1603 1988 insanisse
1617 1940 1751 2001 respon·

121 2040 245 2086 surum.
260 2023 423 2101 Ejusmodi
436 2032 484 2084 est
501 2024 580 2085 illud
598 2023 630 2084 in
652 2023 775 2086 rietes.
796 2025 929 2087 secundi
945 2022 1031 2097 libri,
1047 2022 1224 2083 Auertimus
1234 2041 1407 2102 parumper
1430 2042 1522 2084 aures
1536 2041 1573 2082 ne
1587 2021 1752 2081 audiamus

119 2118 275 2198 iudicium
286 2121 464 2197 coaequetis,
482 2130 510 2179 et
536 2121 774 2201 interfectarum
807 2121 928 2180 aniutas
947 2117 1160 2198 deploremus,
1185 2120 1240 2199 qui
1256 2120 1404 2198 opinione
1426 2120 1590 2190 uirtutum,
1614 2115 1751 2194 quotidie

122 2225 274 2278 corruunt
293 2215 576 2295 insuperliiam,et
601 2219 665 2277 Deo
698 2238 728 2278 se
750 2216 867 2278 similes
899 2215 1099 2277 arbitrantur
1103 2262 1163 2280 .....
1180 2216 1320 2291 Quarum
1349 2217 1457 2294 furori
1475 2213 1693 2292 respondimus
1719 2219 1751 2269 ut

119 2313 294 2393 potuimus,
307 2322 334 2373 et
354 2314 383 2373 si
399 2314 549 2374 Dominus
560 2315 657 2374 eitam
671 2314 805 2384 dederit,
819 2316 944 2393 plenius
956 2314 1140 2394 responsuri
1150 2330 1268 2373 sumus.
1281 2314 1318 2374 Et
1332 2314 1365 2374 in
1381 2313 1497 2375 librum
1516 2318 1676 2389 quartum,
1690 2309 1749 2369 Cui

90 2445 103 2472 ·
124 2409 248 2488 lbaeresi
267 2408 523 2488 Pelagianoram)
545 2410 734 2489 respendere
754 2411 810 2472 diu
830 2421 948 2481 tacens,
969 2419 998 2472 et
1012 2410 1151 2472 delorem
1176 2408 1302 2470 silentio
1315 2410 1467 2471 devorans
1490 2408 1601 2471 crebra
1615 2406 1751 2483 [rutrum

124 2504 377 2586 expostulatione
388 2504 565 2583 compulsus
587 2525 667 2579 sum,
683 2525 739 2567 nec
755 2517 858 2568 tamen
876 2509 1032 2586 bucusque
1052 2506 1200 2586 prorupi,
1222 2516 1257 2566 ut
1274 2516 1437 2566 auctarum
1450 2511 1579 2569 numina
1590 2526 1748 2586 ponerem,

122 2601 242 2663 malens
260 2621 310 2662 eos
325 2602 456 2680 corripi,
477 2619 568 2680 quant
587 2602 749 2680 infamari.
768 2604 805 2662 m
821 2604 853 2663 iu
871 2604 931 2664 linc
950 2618 957 2661 τ
973 2603 1082 2663 l'erum
1100 2602 1162 2664 bac
1179 2604 1212 2664 in
1227 2605 1374 2681 proprio,
1397 2604 1461 2664 nisi
1472 2605 1750 2681 tacuerint‚0perc

123 2699 246 2780 plenius
267 2715 483 2779 exsequemur.
500 2698 550 2759 Sic
566 2698 727 2759 eriimrero
744 2699 808 2758 brec
826 2699 974 2761 ridentur
994 2700 1190 2777 accipienda,
1207 2709 1240 2761 ut
1255 2701 1398 2776 zprinram
1423 2702 1506 2761 illam
1526 2716 1633 2762 contra
1659 2702 1749 2761 Pela-

124 2796 236 2877 gianes
253 2796 469 2856 velitationem
487 2803 598 2872 rogatu
614 2795 830 2873 Ctesiphontis
845 2795 1021 2857 inuitatum
1036 2796 1194 2874 designet,
1213 2812 1284 2857 eum
1304 2797 1346 2857 ait
1364 2797 1503 2858 lireriter
1522 2799 1705 2876 primumse
1718 2808 1749 2858 et

125 2909 257 2973 quoque
277 2894 371 2953 murlo
389 2891 546 2953 lraereticis
561 2893 765 2970 respondisse
783 2909 789 2952 :
807 2900 838 2952 et
855 2891 996 2953 vicissim
1016 2904 1078 2952 tres
1092 2892 1250 2972 intelligat
1271 2894 1476 2970 Dialogorurn
1495 2894 1606 2962 libras,
1624 2911 1695 2954 curn
1719 2896 1747 2954 iil

125 2991 254 3068 plenius
271 2996 299 3049 et
325 2989 454 3066 proprio
469 2988 574 3062 Opere
590 3004 624 3047 se
642 2987 810 3065 pollicetur
826 2988 1161 3061 exsecuturuinuuiu
1175 2991 1203 3049 iil
1222 2990 1283 3049 sibi
1300 2992 1591 3066 ipsellieronymus
1609 2990 1747 3051 volrrissc

127 3083 292 3162 prioribus
312 3083 398 3143 bisce
410 3084 539 3160 Prologi
560 3083 663 3144 verbis
681 3085 808 3145 innuit:
828 3087 957 3161 Scripta
964 3085 1033 3165 jam
1044 3085 1084 3146 ad
1100 3084 1332 3161 Ctesipliontem
1353 3084 1497 3164 epistola,
1515 3087 1549 3145 in
1566 3104 1627 3164 quo
1641 3085 1680 3144 ad
1696 3088 1746 3146 in·

125 3188 285 3259 terroqata
301 3178 460 3259 respondi,
483 3178 591 3240 crebra
605 3181 744 3257 fratrum
763 3181 976 3260 expostulatio
1001 3183 1079 3260 suit,
1096 3201 1152 3243 cnr
1173 3185 1363 3261 promissum
1378 3182 1462 3260 Opus
1477 3184 1562 3244 ultra
1578 3183 1746 3262 differrem,

126 3277 160 3338 in
175 3296 235 3359 que
249 3276 413 3357 pollicitus
425 3296 491 3337 snm
503 3295 548 3338 me
562 3276 603 3338 aa
613 3284 743 3338 cunetas
759 3296 875 3351 aarum,
891 3280 945 3357 qui
960 3288 1096 3344 ἀπάθειαν
1113 3282 1303 3358 predicunt,
1324 3281 1564 3358 questiunculas
1579 3299 1747 3359 responsu-

125 3390 207 3438 rum.
229 3377 307 3438 Cum
327 3382 407 3436 adeo
419 3375 623 3437 manifestum
636 3381 692 3448 sit,
709 3376 844 3455 suisque
862 3392 919 3437 nos
937 3376 1012 3437 loeis
1029 3378 1277 3448 ostenderimus,
1292 3375 1375 3437 inter
1399 3386 1566 3455 utramque
1582 3378 1751 3438 elucubra-

125 3471 247 3535 tionem
266 3488 386 3534 annum
401 3471 501 3533 sermo
518 3474 731 3546 intercedere,
744 3482 840 3552 atque
859 3473 1115 3535 illamdecimum
1132 3473 1280 3550 quintum
1297 3489 1368 3533 esse
1385 3490 1482 3550 supra
1498 3474 1750 3550 quadringente-

126 3571 337 3646 simum,sire
350 3570 421 3651 ejus
438 3573 607 3632 maximam
622 3578 763 3648 partem:
780 3587 886 3649 neque
898 3569 957 3630 boe
972 3584 1066 3645 porro
1082 3568 1217 3628 dubium
1232 3566 1286 3641 sit,
1297 3567 1439 3628 liuiemet
1454 3569 1751 3630 annoasaribenila,

128 3684 198 3753 esse
211 3666 472 3731 Commentarios.
488 3665 581 3742 Quod
597 3668 623 3726 si
639 3667 670 3728 in
690 3666 791 3744 primo
805 3682 915 3728 eorum
928 3664 1008 3724 libro
1019 3664 1059 3725 de
1072 3663 1187 3741 scripta
1203 3663 1243 3724 ad
1259 3664 1499 3742 Ctesiphontem
1519 3666 1655 3738 epistola
1677 3670 1750 3726 nul·

127 3765 195 3830 lum
224 3764 371 3828 videatur
398 3781 468 3826 esse
487 3763 671 3842 vestigium,
690 3765 878 3841 neutiquam
896 3770 1000 3823 tamen
1028 3760 1268 3832 assentiendum
1284 3762 1449 3837 Geraesto,
1480 3764 1537 3842 qui
1556 3765 1586 3825 iu
1616 3767 1750 3824 ltluriuui

127 3864 336 3928 Mercatorcm
353 3861 579 3925 dissertatione
595 3865 614 3925 a
629 3863 749 3924 obeam
763 3877 891 3922 causam
908 3859 946 3921 ad
971 3856 1147 3935 pelagiana
1171 3855 1330 3920 hereseos
1361 3860 1451 3921 initia
1468 3861 1584 3922 librum
1602 3861 1686 3920 liuuc
1700 3879 1750 3921 re-

130 3959 237 4034 trahit,
257 3959 326 4021 sire
343 3976 428 4022 anno
445 3958 575 4021 ascribit
602 3973 699 4033 supra
715 3940 1067 4035 quadringentesimum
1084 3952 1208 4014 decimo
1231 3953 1338 4015 tertio.
1368 3957 1403 4017 lu
1424 3957 1491 4032 ipso
1508 3956 1593 4016 euim
1610 3955 1691 4017 libra
1721 3957 1752 4016 in

129 4059 224 4133 caput
252 4051 398 4114 Jeremioe
429 4050 556 4112 tertium
589 4048 726 4126 epistola
756 4046 793 4109 ad
814 4047 993 4110 Dardanum
1012 4049 1053 4110 de
1074 4049 1171 4108 Terra
1182 4052 1404 4126 promissionis
1421 4055 1577 4120 laudatur,
1595 4067 1689 4130 quarn
1723 4053 1753 4111 iu

66 4202 69 4209 .
130 4149 220 4211 Notis
234 4144 469 4224 chronologicis
491 4145 527 4206 ad
550 4162 670 4206 aunum
687 4143 1044 4222 quadringentesimum
1059 4145 1221 4206 decimum
1249 4155 1398 4225 quartum
1420 4148 1579 4224 pertinere
1610 4149 1753 4211 ostendi·

131 4257 215 4313 mus,
234 4256 304 4300 cum
321 4239 433 4300 luisset
444 4239 509 4316 Jam
534 4235 589 4300 illc
608 4235 763 4315 dignitate
782 4235 920 4313 q'iroelecti
935 4243 1079 4318 pretorio
1108 4242 1282 4304 Galliarum
1299 4244 1407 4305 denuo
1437 4244 1620 4305 defunctus.
1642 4244 1755 4305 Hiero·

131 4335 220 4417 uyrni
233 4338 327 4426 rerba
344 4342 440 4398 sunt:
456 4332 554 4395 Edldi
568 4351 669 4412 nuper
688 4333 827 4394 libellum
840 4352 973 4414 paruum
989 4337 1122 4400 deterre
1137 4341 1405 4417 repromissionis.
1422 4341 1578 4419 Equidem
1602 4340 1754 4415 postremi

131 4434 196 4496 duo
212 4433 346 4513 quintus
363 4443 392 4494 et
405 4441 529 4505 sextus,
546 4432 571 4492 si
587 4432 616 4492 in
632 4439 820 4509 sequentem
836 4448 956 4495 annum
985 4435 1191 4510 differantur,
1211 4454 1273 4498 nou
1302 4437 1481 4498 reluctabar
1497 4457 1504 4498 s
1528 4436 1658 4515 quaudo
1688 4436 1753 4513 jam

131 4530 272 4593 lucretici
305 4529 515 4592 iteridentur
540 4527 729 4600 invaluisse,
755 4539 788 4588 ut
808 4545 871 4590 nou
904 4530 1008 4590 solum
1031 4531 1212 4606 maledicta,
1230 4532 1285 4594 sed
1302 4531 1458 4592 violentas
1474 4531 1567 4593 etiam
1586 4547 1699 4592 uranus
1724 4531 1755 4589 iu

133 4633 216 4691 recte
233 4627 409 4689 sentientes
425 4626 625 4687 ailversarios
641 4623 820 4702 injicerent.
832 4626 920 4698 Quin
936 4625 1031 4687 etiam
1048 4627 1132 4689 ultro
1149 4627 1331 4697 fatebimur,
1357 4645 1429 4704 quae
1459 4629 1491 4687 in
1508 4628 1612 4704 quarti
1628 4645 1758 4705 quoque

132 4724 205 4786 libri
231 4725 419 4786 Prolatione
435 4723 497 4785 dici
517 4722 752 4785 obserraurusa
768 4723 798 4784 S.
814 4723 957 4793 Doctore,
974 4727 1176 4801 compulsum
1192 4741 1226 4784 se
1237 4725 1343 4786 crebra
1359 4722 1489 4784 fratrum
1502 4723 1759 4799 expostulatione

133 4821 292 4885 hereticis
306 4821 513 4900 respondere,
528 4838 585 4882 uec
601 4827 706 4882 tamen
718 4837 862 4898 eousque
876 4819 1075 4896 prorupisse,
1090 4826 1122 4879 ut
1151 4825 1316 4880 auctorum
1338 4818 1465 4880 nurnine
1485 4824 1628 4896 poneret,
1641 4818 1760 4877 rectius

136 4922 238 4984 riileri
254 4920 293 4981 ad
312 4921 399 4998 ipsos
416 4916 621 4997 Dialagorum
635 4916 747 4990 libros,
764 4933 859 4994 quam
877 4919 924 4979 uti
940 4916 1075 4980 lecimus
1103 4917 1141 4978 ad
1158 4917 1326 4995 epistolam
1341 4915 1379 4977 ad
1401 4916 1653 4994 Ctesiphontem,
1679 4912 1759 4974 rese·

38 5022 44 5049 ¹
136 5015 246 5079 reuda.
261 5016 379 5078 Verum
403 5012 556 5075 becalios
571 5027 635 5073 non
658 5019 819 5088 moveant,
841 5029 901 5075 trec
927 5021 987 5076 tam
1025 5032 1067 5076 es
1090 5016 1174 5078 erlita
1197 5016 1319 5078 ratione
1341 5022 1498 5088 coustant,
1516 5022 1549 5076 ut
1575 5014 1758 5075 lectorema

138 5121 353 5194 qis-reconcepta
371 5109 467 5188 vulgo
490 5109 649 5170 sententia
673 5107 835 5187 dejiciant.
917 5185 920 5190 Ι

176 5234 273 5314 lllajur
291 5231 389 5293 multo
405 5227 578 5307 scrupulus
596 5225 628 5287 iu
646 5234 743 5290 coest
762 5228 847 5306 quod
864 5228 1063 5306 appendicis
1075 5227 1144 5292 laco
1159 5230 1391 5291 subnectimus.
1409 5233 1485 5289 llum
1502 5227 1589 5287 ouini
1609 5227 1637 5284 id
1653 5240 1762 5282 susee-

169 5446 206 5511 (a)
219 5445 307 5498 Fraudi
319 5446 364 5493 ttrlt
378 5443 457 5493 doctis
473 5443 546 5500 rlris,
561 5451 588 5493 et
604 5452 659 5491 euro
675 5438 760 5500 primis
773 5437 867 5488 clariss.
885 5437 1019 5488 llorstorio
1040 5443 1064 5489 tu
1085 5438 1307 5489 Dissertationibus
1323 5439 1462 5490 Postlruuiis
1483 5436 1568 5486 ltallce
1595 5433 1700 5495 scriptis,
1713 5436 1764 5503 rtis·¹

140 5517 201 5560 pen,
216 5509 255 5567 ts,
267 5520 322 5578 pig.
333 5504 389 5563 tldti,
407 5509 474 5554 loeus
487 5505 548 5567 Lupi
566 5506 718 5554 t'errarreus.
732 5500 863 5547 scribentis
876 5503 905 5549 al
921 5501 1008 5561 Papam
1028 5502 1187 5552 benedictum
1208 5502 1249 5558 lll,
1263 5504 1326 5552 cirea
1353 5515 1393 5550 su.
1404 5502 1450 5548 855
1468 5513 1473 5547 :
1493 5496 1683 5549 desumerrtarios
1695 5497 1765 5546 earu

140 5568 284 5631 lllsrorupui
295 5582 319 5619 ru
335 5565 478 5619 terentium.
497 5573 549 5628 past
570 5573 663 5615 serrum
679 5560 768 5627 lituum
778 5573 852 5622 usque
881 5558 992 5626 intineris
1010 5560 1123 5624 predicti
1135 5562 1269 5627 propbeta,
1295 5577 1339 5628 per
1350 5562 1446 5612 easdem
1461 5559 1552 5624 fratres
1564 5562 1705 5620 linoiractros
1718 5558 1765 5623 tte,

140 5647 204 5683 mem
221 5622 347 5692 p'eteures)
364 5628 432 5679 stolis
456 5626 518 5678 iuitti
534 5627 687 5690 deposcimus
699 5635 723 5668 ur
740 5620 823 5672 carlus
844 5625 1065 5682 milidunensem
1089 5623 1228 5675 sairanem.
1243 5624 1265 5673 si
1282 5624 1308 5674 id
1318 5621 1501 5682 obtinuerimus,
1515 5627 1641 5688 postquam
1653 5617 1764 5668 eelmitm

140 5694 276 5753 exseriprus
289 5691 370 5752 fierit,
387 5689 438 5741 siue
450 5689 522 5739 distre
535 5688 696 5738 reuu'rtemtes.
723 5684 745 5733 Ν
749 5696 789 5732 arti
807 5685 831 5733 in
841 5686 929 5735 nastris
941 5685 1078 5749 reqiombus
1091 5698 1208 5748 riasqrarur
1224 5684 1288 5735 ullus
1299 5692 1352 5750 post
1361 5693 1456 5734 sestam
1470 5687 1675 5733 courrueutarmm
1687 5683 1765 5741 porros

141 5752 254 5812 baasor,
269 5760 292 5802 et
306 5761 416 5812 apt-rmus
430 5751 454 5802 iu
471 5748 536 5800 rolris
551 5762 697 5810 rerrqurure
707 5743 826 5812 qrridqnid
838 5746 952 5808 parcitati
965 5754 1054 5797 nostrai
1065 5747 1147 5798 decere
1164 5743 1287 5796 seminus.
1307 5743 1378 5797 Petis
1389 5759 1414 5796 rs
1432 5751 1504 5796 rtrum
1522 5742 1630 5794 rulliruu
1645 5739 1676 5789 rie
1702 5739 1766 5788 Ora·

143 5819 205 5878 tare,
218 5827 258 5865 st.
1746 5858 1843 6013 1Λὲ
