3788 6120
20 1848 27 1869 ⁸
117 1853 185 1911 sint.
210 1854 353 1922 Quomodo
381 1858 453 1913 enim
485 1869 550 1917 ante
585 1863 767 1918 maturitatem
800 1877 906 1935 segetes

113 314 167 382 ret
398 314 648 381 conuenere.
670 316 1109 390 ruistrnurnoraerru
1135 328 1456 406 erumnarum
1691 319 1743 406 leo

115 437 221 490 raduns
243 433 343 490 humor
363 435 495 491 secabiles
521 435 625 492 iactat:
641 437 683 492 its
700 453 780 496 meus
794 453 897 506 sermo,
913 446 937 505 Α
951 453 1002 506 est,
1018 447 1088 501 drms
1113 448 1243 505 urlttenda
1258 449 1324 518 sint,
1338 458 1366 506 et
1387 449 1532 508 odereudae
1547 450 1663 509 rictimm
1684 456 1743 526 spi·

115 542 198 594 quem
217 525 397 583 considerabo
413 526 442 581 in
457 527 518 583 loco
535 541 608 596 meo,
625 529 731 587 conctis
744 531 773 588 la
788 546 832 588 me
845 546 905 589 cre·
955 535 1081 592 rituales.

116 617 247 673 dentibus
260 624 356 689 gratus
369 617 508 676 adveniet.
992 627 1070 698 (Cap.
1091 626 1216 683 1an-
1237 630 1315 687 hers,
1339 630 1377 701 l.)
1405 630 1509 689 ronuta
1532 632 1651 705 AEgypti.
1675 634 1746 692 Ecce
1804 618 1816 641 ⁸

152 747 244 820 (gerg,
257 749 285 815 5,
296 749 338 820 g.)
360 769 372 805 g
389 750 459 808 gnte
470 730 584 810 mem
600 757 672 812 enim
687 765 761 814 tom,
776 757 905 829 omnum.
955 717 1086 773 Dominus
1101 721 1229 777 ascendet
1244 736 1327 791 supra
1342 721 1442 779 nubem
1457 723 1555 791 larem,
1568 733 1596 780 et
1610 725 1746 796 ingredic-

116 854 144 900 et
164 841 310 898 immatura
325 843 458 913 per-lectio
482 848 655 916 germinarit,
675 858 702 907 et
725 852 906 921 praecidentur

116 932 267 1021 ramusculi
291 936 351 1004 elus
369 932 495 1001 lalcibtts,
519 947 548 993 et
565 954 625 1008 quae
641 938 769 996 derelicta
793 942 906 1011 luerint,

116 1022 311 1080 abscindentur
323 1034 350 1080 et
378 1027 608 1086 excutientunlit
620 1031 809 1102 relinquentur
824 1036 905 1093 simul

116 1117 216 1173 aribus
231 1118 363 1172 ruentium
378 1128 406 1175 et
425 1120 521 1177 bestiis
541 1129 633 1191 terrac,
655 1134 682 1179 et
695 1136 792 1183 aestate
808 1144 906 1198 perpe·
957 1187 1051 1243 wem
1070 1191 1136 1232 voce
1163 1180 1296 1246 molem·
1323 1178 1399 1235 Unde
1423 1189 1451 1235 ει
1472 1181 1500 1235 in
1527 1182 1654 1250 [mnu
1678 1182 1749 1247 'om'

117 1219 166 1266 trra
189 1219 271 1267 erarrt
296 1226 379 1282 snper
409 1227 471 1268 eum
498 1214 681 1283 aulocrenen
700 1232 795 1275 narnus
812 1221 906 1276 bestias
957 1267 1022 1334 quia
1038 1273 1132 1321 comm
1147 1264 1294 1337 AEgyptum
1308 1267 1398 1324 mem
1414 1269 1616 1325 cummim
1637 1268 1682 1327 vm
1697 1280 1750 1324 m·

958 1370 995 1411 roe
1007 1356 1174 1412 obumbranti
1184 1357 1247 1423 olis,
1259 1373 1319 1426 qsoe
1333 1368 1371 1414 eat
1384 1371 1458 1414 trans
1469 1360 1581 1430 damino
1593 1360 1751 1430 AEttriopiae,

957 1457 985 1504 et
1004 1459 1101 1504 catera
1116 1465 1177 1521 quac
1191 1452 1367 1522 propheticus
1383 1469 1474 1509 ueruto
1495 1456 1636 1511 conteruit
1655 1473 1662 1509 ι
1679 1468 1753 1510 riorae

959 1540 1174 1596 marriteatorem
1201 1542 1266 1597 lecit
1295 1544 1521 1613 intelligentiam,
1547 1555 1576 1602 ct
1601 1546 1634 1600 ad
1663 1547 1750 1619 ipsam

959 1633 1130 1689 comunimus
1153 1633 1302 1705 AEgyptmu
1330 1636 1461 1706 loquitur,
1480 1638 1553 1709 qood
1581 1650 1751 1709 nequaquam

960 1738 1009 1794 per
1024 1724 1148 1793 angelos,
1164 1726 1210 1780 sed
1227 1724 1285 1794 ipse
1299 1725 1430 1781 Dominus
1452 1731 1541 1781 tentat
1556 1743 1639 1796 super
1651 1731 1754 1784 nubem

922 1800 1055 1881 litorum,
1072 1816 1099 1871 id
1116 1823 1168 1885 est,
1184 1817 1318 1884 velocem,
1334 1826 1362 1874 et
1383 1818 1554 1888 ingrediatur
1570 1821 1650 1891 202
1669 1821 1753 1893 Aigy-

960 1918 1048 1980 ptum,
1064 1918 1091 1966 et
1108 1911 1179 1967 idola
1200 1910 1313 1982 AEgypti
1333 1913 1561 1979 contremiscant,
1577 1914 1755 1986 tabescatque

960 2017 1008 2059 eor
1022 2002 1145 2070 tortium,
1163 2013 1191 2059 et
1206 2003 1358 2061 Ezechielis
1374 2003 1430 2078 [tt.
1442 2006 1580 2080 leremim]
1594 2008 1752 2064 vaticinium

958 2100 1153 2172 corripientur!
1173 2101 1332 2170 Disperdom
1357 2103 1516 2170 airnalnrru,
1534 2114 1559 2160 et
1585 2122 1687 2160 cessare
1709 2106 1754 2177 sa*

959 2192 1029 2246 cium
1051 2193 1123 2248 idolo
1140 2193 1173 2249 de
1190 2193 1321 2263 blempbis
1343 2193 1453 2266 (Erech.
1474 2212 1538 2262 aar,
1556 2196 1612 2268 tt).
1636 2199 1756 2266 eridatn

965 2292 1048 2338 totam
1067 2285 1138 2339 trane
1154 2286 1325 2356 prophetiam
1343 2286 1377 2342 ad
1394 2286 1544 2344 saluatoris
1565 2297 1685 2359 tempora
1711 2292 1757 2347 το·

960 2372 1062 2440 lerunt,
1078 2379 1187 2446 quando
1204 2377 1345 2448 ingressus
1363 2389 1407 2434 est
1428 2394 1511 2450 super
1528 2380 1625 2436 nubem
1651 2382 1753 2449 lenem,

960 2466 987 2521 id
1004 2473 1058 2532 est,
1072 2481 1171 2538 corpus
1196 2468 1358 2535 homanum,
1375 2471 1447 2538 qued
1465 2485 1499 2525 es
1519 2470 1630 2542 llirgiae
1651 2488 1755 2529 assum·

960 2566 1067 2626 pserat,
1084 2558 1158 2613 nullo
1184 2558 1310 2615 laumauae
1330 2561 1533 2641 commistionis
1554 2563 1660 2620 semine
1684 2579 1754 2633 prae·

961 2658 1104 2720 paratum
1115 2664 1123 2705 τ
1136 2651 1193 2706 stre
1206 2655 1278 2717 quod
1290 2666 1305 2706 a
1318 2651 1389 2709 nube
1398 2652 1449 2708 leri
1465 2661 1589 2724 portatus
1601 2655 1648 2723 sit,
1663 2655 1689 2712 td
1702 2662 1758 2723 est,

961 2754 1079 2812 corpore
1102 2741 1241 2813 virginali,
1254 2750 1282 2797 et
1296 2744 1330 2797 ad
1343 2741 1499 2814 ingressum
1514 2744 1574 2816 ejus
1588 2760 1684 2802 omnes
1700 2747 1754 2803 dae·

962 2846 1059 2889 mones
1085 2832 1321 2899 contremuerint,
1350 2840 1471 2904 tuncque
1499 2836 1588 2906 prima
1620 2837 1753 2893 idolorum

962 2926 1043 2982 ruina
1063 2924 1159 2993 luerit,
1176 2927 1350 3000 praesentiam
1372 2927 1479 2986 bonrini
1503 2930 1574 2987 ierre
1596 2947 1650 2988 non
1674 2928 1758 2988 susti·

963 3032 1044 3074 nens.

927 3146 950 3208 c
1004 3107 1095 3180 (Vere.
1116 3109 1157 3181 9.)
1180 3109 1240 3172 «nr
1255 3127 1421 3170 concurrere
1434 3112 1532 3170 daciam
1547 3108 1690 3187 AEgyptius
1710 3114 1758 3171 ad·

966 3211 1062 3253 uersus
1081 3198 1237 3270 AEpyptlos,
1254 3210 1282 3258 et
1304 3203 1436 3275 pugnabit
1457 3205 1498 3261 rir
1519 3215 1615 3261 contra
1637 3205 1758 3262 autricum

965 3302 1055 3358 suoru,
1078 3292 1174 3347 ciuitas
1202 3292 1331 3349 aduersus
1358 3295 1508 3362 ciuitatem,
1525 3306 1553 3352 et
1576 3310 1688 3366 regnum
1712 3296 1758 3352 ad·

964 3392 1062 3435 sersus
1085 3396 1210 3452 regmrm.
1234 3399 1245 3434 a
1273 3381 1399 3455 ingresso
1419 3383 1566 3456 AEgyptum
1590 3383 1715 3450 flumine.
1729 3393 1759 3442 et

157 3462 567 3538 (imilebun-porcille
585 3465 724 3523 deleretur
742 3483 839 3525 munus
858 3467 913 3527 bo·
963 3472 1183 3541 potentissimam
1210 3485 1319 3544 gentem
1346 3476 1387 3531 sui
1417 3476 1559 3545 praeseutia
1584 3479 1758 3545 destmeute,

119 3557 200 3614 naias
215 3558 385 3615 exercituum
407 3561 537 3632 apopulo
554 3560 660 3617 dirutso
679 3567 707 3616 et
724 3561 913 3631 dilacerato,a
963 3562 1017 3619 erit
1028 3562 1115 3630 prium
1129 3563 1243 3616 uictoria
1261 3562 1394 3618 dissidere
1406 3563 1548 3636 AEgpptios
1566 3577 1662 3619 corrtra
1673 3563 1758 3637 AEgp-

120 3649 364 3720 muneremunere,
379 3658 530 3721 postquem
544 3666 597 3706 uon
613 3651 665 3706 luit
679 3650 802 3710 aliosra
833 3662 913 3725 geute
963 3654 1045 3724 ptius,
1061 3662 1088 3709 ct
1103 3654 1295 3711 adversumne
1313 3655 1407 3710 rebelli
1428 3657 1491 3711 odio
1511 3657 1664 3712 dimicaret
1684 3658 1757 3727 quud

119 3752 311 3814 exspectante,
333 3753 510 3814 exspectante
536 3754 564 3801 et
585 3745 754 3814 conculcata,
778 3747 913 3821 cujusdi·
964 3746 1132 3816 temporibus
1158 3746 1332 3817 Assyriorum
1362 3755 1390 3801 et
1416 3746 1666 3802 Nabuchodonosor
1685 3746 1759 3817 regis

121 3836 267 3904 ripueront
283 3833 395 3889 domina
414 3845 514 3891 terram
541 3836 611 3907 ejus,
634 3835 668 3891 ad
683 3837 771 3894 locum
794 3838 913 3896 nominis
963 3837 1102 3910 Babylonii
1118 3835 1219 3892 lactum
1233 3851 1303 3902 erse,
1320 3836 1497 3893 marrttesmm
1514 3847 1567 3902 est,
1581 3837 1642 3893 aliis
1657 3837 1758 3894 aeden·

121 3923 232 3980 baurim
259 3926 429 3982 exercituum
455 3935 576 3982 montem
601 3925 679 3984 Sion.
700 3928 789 3986 »Post
800 3930 910 4004 AEgppti
963 3933 1047 3998 tibus,
1065 3941 1093 3988 et
1114 3933 1176 3987 aliis
1196 3931 1421 4001 repugnantibus.
1446 3931 1522 3998 Quod
1540 3941 1630 3986 autem
1647 3929 1703 3985 brec
1723 3930 1758 3986 dn

119 4018 278 4072 uastitatem
292 4027 321 4073 et
337 4017 455 4074 deletum
475 4015 534 4086 ejus
563 4018 717 4088 imperium,
736 4035 910 4094 nequaquam
962 4023 1127 4095 liatrplunica
1156 4025 1314 4094 captivitate
1346 4022 1495 4094 praedicat,
1520 4020 1653 4077 ieremias
1681 4021 1759 4079 tertis

123 4109 210 4166 israel
221 4109 249 4164 iu
266 4109 370 4165 umbrae
380 4108 452 4163 iltius
473 4109 592 4165 raritate
614 4110 744 4177 conildet,
759 4112 807 4167 sad
822 4127 912 4169 rern-
962 4125 1015 4182 est,
1028 4116 1145 4173 diceus:
1166 4114 1255 4171 l'r'tutr
1269 4115 1375 4186 elegans
1389 4125 1467 4185 utque
1479 4116 1598 4186 [ormam
1612 4113 1758 4185 AEppptar,

957 815 1001 862 tar
1015 806 1176 881 AEgyptum,
1194 819 1222 866 et
1241 811 1423 868 nuurebuutnr
1443 812 1590 871 simulacra
1605 809 1716 888 AEgyptl
1730 831 1746 873 a

956 898 1025 955 larie
1041 901 1114 972 ejus,
1127 910 1154 957 rt
1168 917 1217 958 eor
1232 900 1342 974 AEgypti
1367 903 1487 961 tabescet
1502 905 1528 960 in
1544 908 1634 963 medio
1647 909 1718 980 rjus.
1734 924 1745 960 a

955 992 1040 1048 lloris
1063 1003 1104 1050 est
1127 992 1343 1065 Scriptorumm,
1364 996 1489 1052 obscuris
1514 998 1657 1054 manilesta
1680 998 1747 1056 sub·

956 1093 1077 1152 nectere,
1097 1094 1126 1141 rt
1146 1087 1218 1157 quod
1238 1088 1317 1159 priua
1339 1088 1390 1144 sub
1409 1089 1596 1159 aenigmatibus
1616 1090 1749 1156 dixerint,

117 1315 292 1376 temsaper
320 1306 396 1362 illum
422 1307 598 1379 hyemabunt.
615 1308 709 1378 aQuia
735 1312 769 1367 de
794 1313 907 1370 meridia

119 1397 237 1464 dixerat,
249 1409 277 1454 et
292 1398 391 1453 unbem
408 1400 479 1456 roris
499 1401 525 1455 lu
538 1411 635 1458 aestate
646 1417 678 1458 ac
694 1418 782 1459 messe
796 1405 906 1473 praemi·

118 1498 206 1555 serat,
224 1498 251 1544 et
269 1489 304 1545 ab
320 1487 488 1561 agricultura
517 1493 721 1550 translationem
742 1505 908 1568 sumpserat,

118 1590 282 1633 serrateam
305 1578 333 1634 in
360 1579 484 1650 reliquis,
513 1580 672 1640 describens
687 1583 797 1656 AEgypti
812 1600 908 1658 super·

116 1668 204 1733 biam,
219 1680 246 1724 et
264 1670 355 1739 poprrli
382 1672 457 1728 illins
476 1676 643 1742 uastitatem,
661 1684 690 1731 et
708 1678 841 1733 cadauera
858 1695 906 1748 per

116 1765 274 1819 uniuersam
284 1767 462 1835 prouinciam,
474 1783 534 1840 quac
549 1785 564 1824 a
579 1769 735 1827 volueribus
749 1773 904 1828 rleroraurla

116 1957 303 2018 erumpentes,
320 1949 374 2004 cito
399 1962 525 2020 pereunt,
552 1963 581 2009 et
608 1962 753 2026 antequam
775 1956 906 2027 perfectio

89 2022 98 2035 ⁰
117 2040 249 2108 temporis
274 2040 375 2108 ueniat,
408 2044 593 2114 germinantes
614 2045 724 2102 inutiles
750 2050 812 2103 arunt
832 2051 905 2117 aste,

118 2130 219 2203 inquit,
234 2131 355 2205 AEgpptii
371 2137 463 2205 populi
476 2136 553 2206 quasi
577 2139 645 2194 ratuni
665 2139 774 2196 inutiles
792 2140 908 2197 lalcilms

118 2227 315 2294 praetuenmr,
332 2237 358 2281 et
372 2236 479 2283 curactae
489 2231 654 2299 propagines
667 2230 852 2287 nutabantur.
868 2233 908 2289 Au

117 2327 333 2387 nepuuresrum
346 2318 460 2376 deriuea
472 2321 573 2383 dicero.
581 2333 619 2386 ‚et
629 2338 686 2378 nou
695 2324 728 2378 de
739 2324 905 2394 huminibus,

117 2408 200 2481 aerdt
212 2411 397 2480 metaphoram
410 2414 437 2467 in
449 2411 570 2469 historia·
589 2414 730 2470 neritutern
744 2432 752 2470 ι
770 2415 805 2470 dr
824 2416 909 2473 rdin-

115 2515 242 2571 gsearsr,
251 2501 350 2572 iniquit,
363 2504 443 2559 timul
452 2505 543 2560 onibus
552 2507 689 2572 montium,
700 2517 724 2562 et
733 2508 822 2565 bestiis
829 2526 909 2577 saper

117 2600 208 2648 terrm
221 2599 293 2649 drea
317 2595 390 2650 calm
408 2603 436 2650 et
451 2595 546 2652 bestiae
561 2598 756 2656 nonabseisos
777 2602 908 2658 arborum

117 2699 226 2748 nanos,
243 2687 291 2742 sed
317 2688 450 2744 cadauera
473 2690 613 2746 deremet.
645 2690 780 2763 Legamus
801 2693 909 2764 plenius

118 2773 257 2840 Eseebiet,
273 2777 318 2833 abi
330 2777 474 2850 prophetat
487 2780 566 2851 201
582 2793 678 2838 contra
692 2782 868 2843 Pharaonem
882 2793 911 2842 et

118 2877 217 2924 nonna
230 2868 377 2941 Egyptom
391 2882 436 2927 :et
448 2873 508 2928 haec
521 2874 612 2931 omnia
627 2876 800 2944 apertissime
808 2878 910 2949 scripta

119 2959 292 3030 reperiemus
307 2960 415 3033 (burh.
427 2963 516 3035 aaut).
541 2965 673 3038 Quodque
697 2966 766 3024 dicit
782 2968 911 3028 :AEatats

117 3061 335 3120 mpetsoansnt
348 3070 427 3126 saper
442 3070 501 3110 eum
526 3057 653 3123 uolucres,
673 3069 698 3114 et
711 3076 801 3115 ontnes
822 3063 912 3119 bestias

118 3158 200 3212 snper
216 3143 291 3198 illast
301 3145 524 3216 lgenmlaatmut
534 3163 598 3205 uere
612 3150 817 3208 interfectorum
830 3154 915 3224 signi·

119 3234 185 3290 licat
195 3235 406 3315 multitudinem,
420 3244 468 3294 aut
491 3254 539 3308 per
564 3241 687 3298 earrrdem
707 3243 911 3301 translationem

118 3326 302 3393 demonstrat,
316 3328 388 3399 quod
401 3342 417 3382 a
428 3329 535 3386 coactis
547 3330 674 3399 gentibus
700 3333 846 3390 sarmatius
865 3333 911 3391 sit.

124 4211 201 4260 tetur
211 4204 245 4256 ad
259 4202 413 4266 bominum,
425 4209 453 4257 et
475 4215 524 4256 sua
540 4215 656 4258 manera
673 4202 777 4260 deleret
789 4204 913 4261 manon-
962 4205 1115 4262 atimalutor
1129 4205 1162 4260 ab
1177 4204 1307 4276 Aquilone
1320 4204 1404 4259 reniet
1423 4204 1459 4258 ei.
1477 4203 1512 4260 Et
1534 4219 1643 4259 rursum
1661 4214 1669 4256 a
1684 4203 1758 4259 don·

124 4303 181 4351 tem
194 4293 272 4363 Βίου,
292 4292 320 4349 td
335 4302 388 4359 est,
412 4291 440 4348 lu
453 4290 581 4362 temptum
599 4293 669 4366 ejus,
687 4303 715 4350 et
733 4293 811 4351 illum
824 4298 912 4352 solum
963 4300 1024 4370 [aaa
1045 4309 1082 4353 est
1099 4297 1157 4367 filio
1174 4295 1287 4368 AEggpti
1295 4336 1303 4363 ,
1329 4305 1354 4350 nt
1378 4295 1480 4350 tradito
1507 4297 1535 4350 in
1560 4311 1642 4349 mana
1666 4295 1760 4366 papali

123 4402 235 4458 rugans,
246 4392 326 4459 orius
352 4402 445 4444 rerum
468 4397 656 4459 nuruumque
676 4390 831 4458 presidium
857 4400 911 4446 est.
963 4389 1102 4460 Aquilonis
1122 4387 1231 4459 (lerunt.
1253 4401 1325 4452 aaut,
1343 4384 1390 4452 20,
1413 4386 1471 4459 bl).
1498 4386 1625 4442 Ezechiel
1650 4400 1761 4457 quoque

124 4478 184 4534 lloc
197 4490 287 4535 sutem
301 4479 352 4537 sub
371 4477 527 4536 Zorobabcl
538 4489 566 4535 et
580 4476 657 4548 lesu,
670 4488 698 4535 nt
714 4479 784 4535 liara
796 4495 829 4537 ae
841 4479 913 4536 liee-
929 4480 1116 4551 opmphetiae
1130 4479 1294 4534 auctoritate
1314 4479 1490 4534 courseutieas
1506 4486 1514 4532 t
1532 4477 1567 4532 lit
1584 4495 1697 4545 cenare,
1717 4479 1762 4535 in»

123 4550 184 4628 atala
206 4571 307 4628 iactum
335 4571 524 4643 tatetttgiruus.
553 4570 634 4637 LXX,
657 4585 708 4642 pro
729 4572 850 4642 eoquod
865 4587 914 4629 nos
967 4574 1039 4643 quit,
1052 4569 1369 4641 [ocium-ntaltitadinena
1392 4568 1505 4642 AEggpti
1520 4571 1549 4626 ln
1569 4586 1649 4625 maara
1664 4569 1762 4625 Nubat-

123 4662 274 4721 dirimas:
299 4668 505 4732 asportaturus.
527 4669 731 4732 annotantem,
757 4672 785 4718 et
809 4663 837 4718 ia
862 4662 915 4718 lle·
967 4665 1131 4719 cbodonoaor
1147 4666 1217 4734 regis
1235 4661 1390 4735 Babylonis.
1414 4662 1449 4717 Et
1465 4664 1562 4719 iterum
1575 4670 1586 4718 t
1601 4663 1761 4735 confortabo

124 4756 221 4813 beaten
232 4755 428 4826 scriptumest,
441 4763 773 4824 aparentrm,sprruntena,
787 4763 916 4812 econtra·
967 4757 1077 4812 bruenio
1100 4756 1168 4828 regis
1184 4754 1339 4826 migdonia,
1354 4755 1474 4827 daboque
1493 4754 1609 4826 gladium
1628 4770 1714 4809 menan
1731 4757 1761 4810 in

124 4849 169 4906 rio
179 4847 346 4918 interpretati
360 4856 425 4903 sunt
440 4849 613 4914 andnumans,
629 4846 660 4904 td
670 4856 722 4914 cst,
741 4863 793 4902 non
803 4864 915 4918 sperus·
967 4861 1048 4899 mann
1072 4845 1149 4916 ejas,
1169 4853 1195 4898 et
1223 4844 1392 4917 confringam
1414 4845 1524 4900 bruchio
1543 4843 1704 4901 Pharaonis.
1725 4844 1761 4901 tit

124 4953 189 4996 ten.
216 4941 251 4996 lit
283 4941 319 4997 eb
343 4940 413 4998 batte
438 4956 551 4997 cauum
578 4941 711 4997 dederunt
739 4941 913 5000 occasionem
967 4939 1050 4993 scient
1065 4936 1417 5007 qaiargollominus,cana
1431 4935 1660 5007 dederogladiast
1674 4952 1761 4992 mnus

124 5033 245 5090 Eusebio
258 5036 281 5102 ¹,
293 5032 387 5089 utboc
399 5033 434 5090 de
445 5033 571 5103 gentibus
586 5033 683 5104 ansgis,
699 5049 759 5104 qum
774 5049 825 5090 nec
838 5049 913 5106 spem
967 5031 995 5085 in
1017 5044 1101 5083 noan
1124 5029 1192 5099 regia
1216 5027 1374 5100 babylonis,
1392 5035 1417 5081 et
1435 5026 1582 5081 rennuerit
1599 5041 1661 5081 eant
1681 5042 1761 5096 saper

125 5118 254 5195 habeant,
270 5141 321 5183 nac
334 5123 538 5183 Testamentum
552 5124 612 5192 oet,
629 5138 681 5182 aec
694 5124 855 5197 Prophetas,
870 5127 915 5181 in·
968 5130 1069 5177 terram
1083 5117 1206 5191 AEgqu,
1224 5130 1249 5173 et
1266 5122 1420 5190 dispergant
1435 5117 1585 5188 AEqutam
1598 5118 1626 5172 in
1640 5119 1763 5174 nationes

127 5217 307 5288 tetttgendum
325 5219 471 5288 pomaeria,
487 5220 577 5287 :qaam
594 5218 628 5272 dc
645 5213 746 5273 iudeis
769 5232 777 5271 a
793 5218 865 5289 quod
879 5217 915 5274 ab
968 5212 1078 5284 (duct.
1094 5226 1158 5278 ua,
1172 5210 1217 5274 td,
1231 5208 1267 5263 il
1281 5221 1306 5263 er
1321 5211 1400 5278 seui·
1417 5206 1447 5263 Si
1463 5215 1555 5263 summ
1574 5206 1608 5263 ad
1638 5215 1760 5278 tempure

124 5310 193 5382 ipsis
213 5319 308 5382 postea
332 5307 473 5374 licclesim,
495 5323 559 5380 quae
581 5309 610 5364 iu
635 5310 748 5380 specula
766 5310 913 5366 emunitate
967 5303 1110 5361 reierimus
1127 5300 1290 5369 Salmtorir,
1310 5299 1375 5355 tttud
1395 5299 1429 5356 de
1446 5298 1594 5370 Evangelio
1618 5310 1760 5355 sumamus

162 5491 172 5524 ⁸
194 5488 327 5546 liusrhirrs
336 5505 431 5546 rerera
444 5490 490 5546 hie
503 5489 567 5544 ilhrd
579 5496 713 5544 memorat
725 5489 829 5544 anttnl
841 5504 913 5558 prae·
968 5483 1270 5554 auditionembiidrnpbc
1278 5477 1759 5569 erudctbnsirneupe'noor,immernor

125 5569 236 5631 ceptam
251 5561 392 5630 discipulis
412 5565 471 5619 suls
486 5559 548 5618 :dte
567 5561 654 5630 purius
668 5559 703 5613 od
713 5575 772 5613 oues
794 5576 853 5628 quoe
868 5576 914 5627 pe·
967 5560 1067 5629 ἄνδρας
1078 5557 1126 5609 nal
1140 5555 1296 5640 ἁλλργενείς
1317 5570 1382 5636 noui
1399 5557 1428 5607 aa
1448 5568 1518 5606 nost
1537 5555 1593 5614 uoi;
1605 5552 1709 5613 iterur,
1726 5547 1758 5601 in

124 5634 227 5686 riersnt
255 5630 351 5685 donnas
379 5630 475 5698 lsrael,
503 5643 556 5687 ete.
582 5628 682 5685 Euutor
708 5627 799 5684 docete
824 5645 914 5685 oannes
966 5625 1008 5693 οἷς
1038 5623 1109 5698 ἦσαν
1133 5641 1267 5709 μετέωροι
1295 5621 1423 5693 binim,
1453 5622 1504 5676 inl
1529 5621 1613 5692 papilia
1646 5616 1758 5686 ἑδραῖον

123 5711 213 5822 gelatus
228 5701 257 5755 in
269 5702 452 5843 'immed'
463 5704 620 5828 s‘ttbrlitzqge,
636 5698 827 5842 gdledplqub‘
843 5717 912 5826 230:-
967 5695 1278 5838 ἑξέὧὲοείὖῦρέρρνξράεννρὲ
1286 5694 1334 5748 nal
1347 5693 1557 5767 περιφερόμενοι
1566 5691 1649 5748 πάντι
1662 5687 1762 5760 dedant

129 5788 281 5843 areauna
319 5789 339 5825 r:
376 5787 526 5837 ὀκεους
565 5789 625 5835 aas
734 5787 833 5838 eu;
901 5801 912 5812 ·
968 5789 982 5826 r
1118 5784 1182 5823 *aa
1255 5805 1297 5834 ,.
