3788 6120
134 333 189 398 ott

369 330 622 397 COMMENTAR.
643 327 685 391 tn
705 327 839 390 lsalttt
870 327 1101 392 Paenitentia
1130 330 1205 395 ute.
1226 333 1338 410 xviii,
1359 333 1441 396 car.
1458 333 1544 398 LXV.

1716 333 1770 396 tto

130 445 199 502 illud
215 443 288 515 quoi
301 443 434 515 seriptum
449 454 493 500 est
507 462 514 500 :
530 439 564 499 in
581 442 624 495 elie
643 442 711 496 iona
725 439 821 493 oilirio
836 437 925 493 malo·
939 444 962 501 Α
976 441 1080 514 singula
1093 453 1237 508 auprtrenta
1254 444 1397 509 virtutum.
1410 455 1437 500 et
1447 443 1600 512 futurorum
1610 442 1768 506 seientiam.

130 556 194 593 nne
225 536 326 607 (Erote.
342 554 382 602 ιι,
395 538 452 606 et).
468 537 500 591 Et
515 533 582 589 alibi
598 550 607 591 ι
626 532 739 604 Afflictio
758 532 832 586 lroroe
853 530 922 585 oili·

128 631 232 687 sionem
250 630 314 699 {ucis
347 616 505 683 deliciarum
523 625 607 696 (llio.
630 625 704 694 ²9i³
737 622 862 692 eoquod
894 622 922 678 io

130 722 268 795 angustiis
280 720 433 784 constituti,
445 733 617 788 nequaquam
630 717 819 786 uoluptatibus
831 716 924 785 pristi-

130 813 186 879 nis,
219 815 298 880 Juxta
327 826 463 875 errorem,
489 810 597 880 Epicuri
620 808 711 862 animo
737 807 923 877 pertrumuur.

130 901 209 958 Licet
223 903 310 973 possit
325 914 353 959 et
369 903 420 959 lroc
434 903 499 967 liei,
514 901 633 968 nundin
661 901 731 957 coelo
748 917 828 965 rroro,
846 912 873 955 et
897 899 923 954 in

131 1004 205 1049 terra
222 995 400 1060 nora,omuis
418 995 636 1050 corrueraetionis
657 995 778 1062 pristinae
793 994 924 1048 irretitoria

129 1085 258 1142 deleatur
270 1104 279 1143 a
291 1103 325 1143 ne
339 1089 391 1142 hoe
408 1088 496 1158 ipsum
522 1103 584 1155 pare
596 1084 729 1140 melorum
746 1087 794 1150 eit,
826 1085 926 1154 prioris

129 1182 264 1249 angustiae
278 1179 426 1238 reeordari.
438 1179 545 1235 Coelum
561 1187 651 1233 autem
668 1191 765 1233 novum
781 1188 808 1232 et
824 1189 924 1232 terram

129 1286 243 1335 noram,
259 1271 305 1341 qui
324 1278 421 1342 putant
442 1271 535 1325 omnia
553 1270 666 1325 interire
687 1285 747 1339 qua
776 1269 925 1336 cernimus,

130 1361 274 1432 Evangelii
301 1365 516 1433 interpretantur
542 1362 730 1418 testimonio:
767 1359 873 1416 Coelnnr
901 1370 926 1416 et

131 1464 207 1510 terro
222 1455 372 1510 transibunt
389 1452 500 1526 (ilattlr.
515 1471 589 1519 ιιιι,
606 1439 666 1523 35).
683 1455 715 1509 tu
730 1454 805 1508 Pauli
817 1463 927 1524 aposto-

130 1547 149 1602 li
164 1564 173 1602 r
192 1547 258 1613 Qasr
269 1549 338 1602 eninr
349 1550 484 1612 ridentur,
500 1547 656 1616 temporalia
668 1560 728 1602 sunt
742 1563 821 1618 :pute
837 1558 926 1602 autern

977 549 1065 591 noros
1093 537 1195 600 rideat,
1209 553 1278 607 qrros
1301 544 1409 592 veteres
1434 535 1489 608 isli.
1517 532 1698 609 veterascere}
1712 534 1768 602 lam

979 630 1100 688 ridebat.
1127 632 1204 698 Qirod
1239 642 1330 687 autem
1360 632 1387 686 in
1419 633 1472 686 llne
1500 630 1583 702 liujus
1617 628 1770 684 testimonii

978 726 1077 780 dieitur
1092 724 1176 790 :Qun
1186 741 1247 795 erpo
1257 740 1327 793 ereo,
1342 739 1357 778 a
1369 721 1543 794 Septuaginta
1556 714 1770 791 praetermissum

978 830 1031 872 eat.

1015 910 1105 982 (llere.
1118 908 1176 979 to.)
1193 927 1202 960 r
1221 908 1289 975 Quia
1298 921 1363 963 ecee
1375 921 1425 977 epo
1437 905 1658 961 creolerusalem
1675 903 1771 959 exsut⁴

981 1003 1127 1066 tationem,
1142 1012 1168 1056 et
1185 999 1316 1072 pupulum
1336 1000 1398 1069 ejus
1416 997 1544 1068 gaudium
1561 1013 1569 1053 :
1587 1006 1615 1052 et
1627 994 1770 1053 exsultalro

980 1093 1007 1147 in
1020 1090 1183 1156 ierusalem,
1199 1100 1226 1144 et
1245 1089 1370 1160 gaudebo
1385 1090 1411 1143 in
1427 1087 1526 1158 populo
1546 1102 1617 1144 meu.
1642 1104 1652 1138 r
1678 1083 1769 1139 elix:

982 1201 991 1234 r
1006 1180 1075 1246 Quia
1097 1196 1161 1237 ecee
1175 1196 1226 1250 ego
1239 1181 1311 1236 laeio
1334 1178 1483 1236 Jerusalem
1507 1177 1726 1240 exsarltatiorrem,
1741 1187 1770 1231 et

979 1276 1110 1344 populum
1129 1288 1219 1330 aueum
1235 1273 1369 1339 laetitiam,
1386 1283 1413 1327 et
1432 1271 1576 1328 exsultabo
1592 1286 1673 1340 super
1688 1266 1769 1323 leru-

980 1365 1080 1430 aalern,
1096 1376 1124 1421 et
1135 1366 1252 1421 laetabor
1280 1381 1362 1435 super
1384 1365 1482 1435 populo
1510 1377 1582 1418 meo.
1600 1380 1610 1413 r
1632 1361 1769 1422 Gaurleru,

980 1459 1080 1529 lnquit,
1095 1469 1123 1514 et
1150 1457 1292 1515 exsultare
1315 1457 1420 1512 delretis
1439 1455 1532 1510 latitia
1555 1454 1721 1524 sempiterna
1741 1454 1769 1506 in

980 1551 1122 1606 creatione
1154 1565 1284 1604 novorum
1310 1547 1456 1614 eoelorurn,
1483 1559 1510 1602 et
1533 1556 1611 1602 terrae
1639 1558 1725 1608 norae,
1742 1553 1770 1598 et

131 1641 327 1706 annumeretur,
340 1648 440 1696 reterns
457 1638 501 1713 (lt
518 1639 579 1696 Cor.
594 1655 632 1707 ιι,
649 1638 862 1709 repropitiant
877 1654 926 1693 no-
980 1643 1103 1713 priorum
1118 1643 1226 1712 penitus
1240 1657 1294 1697 non
1309 1640 1488 1696 meminisse:
1509 1654 1542 1693 ne
1559 1654 1612 1708 que
1634 1636 1712 1692 rolris
1727 1651 1770 1690 re·

129 1728 254 1791 vinnm,
267 1731 512 1786 commutationem
524 1729 551 1784 iu
565 1732 662 1786 trelius
674 1733 732 1799 ¹‚et
743 1745 796 1784 non
807 1729 927 1784 etenim·
980 1734 1148 1790 cordationis
1164 1734 1282 1802 ararique
1296 1729 1400 1787 oriatur
1419 1730 1529 1786 suissuia
1547 1747 1554 1784 ι
1576 1729 1640 1798 quia
1655 1743 1709 1782 non
1725 1742 1769 1783 so-

132 1828 221 1875 torum
237 1822 407 1875 arbitrantur
420 1821 573 1887 interitum,
592 1822 637 1876 illo
654 1831 769 1876 utuntur
783 1819 920 1889 exerrrplo.
940 1800 962 1856 Β
978 1825 1032 1879 lusu
1044 1826 1130 1879 eoelos
1146 1839 1231 1879 novos
1246 1836 1272 1879 et
1288 1833 1388 1878 terram
1407 1836 1517 1888 novam,
1530 1820 1612 1891 790
1625 1818 1672 1874 sed
1685 1816 1770 1873 iern-

130 1909 301 1981 epernupn
314 1920 411 1966 terram
422 1923 450 1966 tn
462 1913 596 1982 [anineti.
608 1911 761 1979 Dourine,et
774 1927 853 1981 opera
869 1930 926 1966 rna·
976 1916 1062 1971 saleru
1080 1931 1189 1986 quoque
1204 1917 1303 1972 creabo
1327 1916 1353 1969 in
1372 1915 1567 1977 exsultatione,
1593 1922 1621 1966 et
1638 1909 1768 1982 populum

132 2015 214 2055 ssent
230 2004 490 2058 tuorumsuntroeli.
506 2002 563 2072 lpsi
572 2005 704 2073 peribunt,
718 2014 746 2058 tu
760 2017 851 2059 eutem
862 2021 926 2076 per·
976 2006 1035 2074 ejus
1051 2008 1162 2076 gaudio.
1181 2005 1260 2061 flatu
1286 2007 1401 2062 dubium
1419 2007 1485 2076 quin
1511 2003 1647 2059 universae
1678 2011 1769 2067 terrae.

132 2108 238 2158 nunes,
264 2103 289 2148 et
314 2110 403 2148 ornnes
429 2097 497 2149 sicat
511 2095 695 2150 usstiurentanr
719 2106 925 2164 veterascens,et
977 2108 1007 2153 ut
1027 2115 1088 2170 quae
1105 2109 1184 2154 vetus
1200 2100 1244 2153 uni
1261 2099 1332 2169 genti
1349 2099 1479 2167 gaudium
1510 2102 1580 2162 erat,
1605 2109 1677 2149 noxa
1700 2109 1771 2150 eurr·

131 2185 348 2252 pausianrietnrn
380 2186 494 2241 introires
517 2195 611 2252 eos‚et
633 2190 808 2242 mutabuntur
837 2188 924 2258 il’sal.
977 2191 1206 2246 otisnationilrue
1232 2190 1396 2245 laetitlaesit.
1419 2190 1447 2244 ln
1475 2196 1580 2243 tanturn
1601 2195 1691 2242 autem
1722 2199 1771 2241 ex·

130 2275 227 2343 onii,
243 2276 300 2346 27).
319 2275 349 2332 ln
367 2292 421 2348 quo
436 2278 580 2348 perspicue
609 2279 816 2335 demonstratur
833 2282 925 2350 perdi·
977 2283 1089 2339 sultatio
1116 2283 1170 2338 erit
1189 2282 1325 2347 omnium,
1348 2291 1430 2350 atque
1451 2280 1543 2335 laetitia
1559 2292 1643 2349 super
1664 2278 1732 2335 urbe
1741 2286 1769 2332 et

131 2369 236 2424 tionem
247 2376 275 2424 et
287 2369 442 2438 interitum,
456 2385 509 2425 non
522 2370 702 2426 abolitionem
718 2373 745 2425 in
767 2373 856 2435 niliili,
878 2376 925 2429 seul
979 2373 1079 2442 populo
1092 2373 1151 2437 liei,
1168 2381 1197 2427 ut
1211 2387 1262 2442 ego
1277 2386 1385 2441 quoque
1399 2371 1529 2426 coutitur
1548 2369 1607 2439 ejus
1632 2366 1769 2424 exsultem

126 2464 373 2518 eomruutationenr
393 2479 491 2520 soniare
508 2465 534 2518 in
550 2465 658 2520 melius.
669 2463 764 2535 Neque
774 2467 845 2522 enlru
861 2468 926 2524 illutl

125 2556 205 2626 quod
224 2557 251 2611 iu
261 2556 314 2610 alio
325 2558 385 2612 loco
399 2556 531 2625 seriptum
545 2568 587 2612 est
603 2576 610 2613 ε
627 2558 703 2611 lana
713 2558 820 2628 [alpelit
835 2568 864 2612 nt
874 2561 926 2627 sol,

124 2656 152 2703 st
167 2647 213 2701 sol
222 2650 370 2718 septupium
384 2647 467 2719 789
478 2649 566 2703 lumen
577 2652 685 2719 accipiet
704 2649 773 2720 (lsa.
788 2666 854 2717 xxx,
869 2652 926 2719 to),

977 2474 1005 2517 et
1028 2463 1161 2533 gaudeam
1191 2478 1273 2532 super
1302 2460 1464 2528 ierusalem,
1497 2470 1524 2514 et
1562 2474 1644 2529 anper
1668 2459 1770 2530 populo

977 2571 1039 2611 meo
1056 2557 1103 2626 qui
1127 2557 1293 2612 comederet
1310 2554 1385 2609 bibet
1408 2565 1437 2608 et
1460 2551 1611 2617 letabitur,
1633 2562 1661 2605 et
1677 2549 1771 2605 exsul-

978 2650 1046 2703 tabit
1064 2649 1090 2703 in
1107 2663 1150 2716 ea,
1167 2657 1196 2705 et
1216 2650 1261 2718 qul
1295 2649 1323 2703 in
1351 2648 1461 2703 nomine
1487 2659 1557 2702 noro
1571 2644 1655 2700 luerit
1674 2644 1768 2713 appel-

123 2737 925 2811 tatertrumsipritucupuntnorumueucommorationem
976 2741 1070 2797 larue?

126 2827 157 2881 iu
173 2829 287 2883 molina.
304 2829 380 2896 Quorl
392 2840 420 2884 ut
438 2833 525 2901 poesit
537 2832 665 2902 intelligi,
681 2842 779 2889 nostrae
792 2834 928 2889 contuitio·
1013 2834 1108 2908 (llere.
1123 2836 1182 2907 20.)
1201 2854 1211 2888 r
1227 2836 1261 2891 Et
1277 2851 1329 2891 non
1345 2828 1508 2889 audieturin
1519 2847 1551 2889 ea
1565 2831 1661 2907 [lule.
1679 2831 1706 2885 ln
1722 2827 1767 2902 eo]
1864 2837 1871 2853 '

128 2918 176 2974 nis
189 2935 325 2990 ponemus
339 2924 462 2990 exeurpla
478 2921 590 2978 :latiens
615 2940 677 2979 curu
698 2926 726 2979 iu
740 2940 852 2993 puerum
869 2940 928 2980 cre·
977 2929 1049 2984 ultra
1066 2945 1116 2984 rox
1132 2929 1223 2995 lletus,
1238 2936 1266 2982 et
1280 2942 1333 2983 roa
1349 2927 1503 2983 clamoris:
1520 2941 1573 2980 nou
1589 2925 1641 2980 erit
1652 2922 1769 2991 arrrpllus

130 3013 220 3075 verit,
237 3021 264 3068 et
281 3028 350 3082 puer
364 3016 390 3067 iu
399 3019 539 3082 jarreuem.
554 3024 582 3071 et
604 3014 713 3085 juvenis
728 3018 756 3070 in
777 3018 880 3080 sirum,
899 3024 926 3070 et
977 3019 1196 3084 lulaueilieruim
1208 3029 1235 3074 et
1249 3033 1332 3073 senex
1347 3018 1394 3088 qui
1409 3030 1462 3072 non
1482 3015 1594 3086 irupleat
1618 3013 1677 3068 dies
1691 3025 1766 3066 suos.

129 3105 175 3158 sir
196 3104 225 3157 in
239 3119 343 3171 senem,
354 3122 525 3176 rrerpraquaru
540 3122 588 3175 per
600 3109 722 3175 singulas
733 3118 826 3162 aetetea
843 3109 923 3177 perit.
939 3131 963 3190 0
979 3112 1114 3178 Quoniam
1128 3127 1196 3182 puer
1206 3121 1315 3167 eentum
1343 3125 1478 3165 annorum
1495 3109 1639 3174 morietur,
1665 3113 1691 3159 et
1706 3118 1770 3173 pec·

130 3194 206 3250 ΗΜ·
237 3196 309 3250 ‘¹¹¹⁰'
325 3201 426 3268 estqui
452 3201 528 3269 prins
559 3200 629 3267 luit;
649 3201 698 3254 ⁵⁸⁴¹
727 3200 853 3261 titillatio·
874 3200 926 3252 ltu·
977 3216 1055 3261 outor
1081 3215 1193 3259 eentum
1216 3202 1543 3259 annorum'nraletlietus
1561 3201 1624 3256 erit.
1643 3219 1652 3251 r
1670 3195 1767 3254 Lxx:

131 3297 279 3353 irrotatur,
305 3302 332 3345 et
354 3291 426 3345 aeltli
451 3291 574 3362 pliillssoe
592 3291 818 3360 perisseuictmr.
848 3288 924 3354 0⁰⁰1!
979 3297 1338 3352 ‹Etnonaudieturultra
1367 3296 1394 3349 iu
1413 3311 1444 3349 ea
1474 3310 1526 3349 uox
1552 3293 1643 3360 fletus,
1660 3302 1689 3347 et
1715 3306 1768 3345 vox

132 3381 290 3455 intelligens
306 3394 333 3437 et
349 3384 451 3438 Paulus
474 3385 613 3453 apostolus
626 3381 787 3452 loquelatur
807 3384 926 3439 :Prete-
976 3390 1105 3446 elasrroris
1119 3407 1126 3445 a
1140 3403 1227 3458 neque
1238 3368 1284 3442 liet
1299 3387 1335 3442 int
1353 3388 1423 3441 ultra
1440 3388 1603 3440 immaturus
1627 3394 1655 3438 es
1670 3398 1767 3448 senex,

132 3477 170 3531 rit
185 3478 256 3531 eninr
271 3477 357 3547 fipnra
373 3476 452 3544 liujus
467 3477 559 3530 mundi
572 3473 599 3546 (l
614 3475 676 3530 Cor.
695 3492 742 3543 ιιι,
756 3479 815 3545 il).
830 3478 927 3533 Cunsi·
977 3483 1022 3551 qui
1040 3497 1094 3535 non
1113 3479 1226 3550 impleat
1243 3488 1350 3548 tempus
1368 3493 1457 3532 sisinn.
1473 3476 1531 3530 Erit
1555 3474 1611 3547 [Al.
1624 3471 1681 3545 Eat]
1695 3474 1767 3528 enirn

133 3573 261 3624 “etmulti
286 3566 350 3631 auid
377 3566 477 3620 ιΙῑιθιῑῑ
496 3580 505 3622 ²
523 3565 621 3635 Figura
637 3565 769 3634 praeteris,
789 3581 843 3619 ¹¹⁰¹¹
862 3568 927 3618 θιὼ·
977 3572 1069 3627 iulane
1083 3582 1192 3628 centum
1211 3587 1357 3641 annorum,
1371 3578 1399 3625 et
1426 3568 1473 3639 nui
1503 3568 1621 3622 nroritur
1639 3574 1769 3637 peccator

134 3664 246 3718 williel.
263 3659 320 3716 HOC
336 3661 556 3729 idetttsissnilical
572 3670 602 3714 ei
624 3659 749 3714 Petrus:
778 3655 854 3710 leniti
882 3671 926 3710 008
978 3667 1166 3726 centenarius,
1192 3664 1355 3719 maledictus
1384 3659 1588 3730 epjt‚pNeq110
1610 3658 1683 3713 enim
1704 3672 1769 3714 con.

133 3754 328 3819 auretenus,
349 3755 474 3826 quonium
486 3753 545 3808 cun
560 3761 637 3807 emm
648 3752 680 3805 ut
699 3752 775 3805 ultio
788 3766 798 3814 ‚·
813 3761 837 3805 rt
853 3760 927 3805 terra
978 3771 1076 3826 gruum
1097 3761 1161 3822 era,
1178 3767 1207 3810 m
1224 3757 1251 3809 tn
1268 3755 1380 3810 uirtute
1397 3753 1549 3807 Jerusalem
1561 3749 1698 3821 etpopulo
1709 3748 1770 3814 net,

134 3850 166 3900 ita.
177 3865 258 3918 aqum
274 3857 299 3903 et
317 3864 363 3918 per
379 3864 487 3917 equium,
501 3847 551 3900 Dei
578 3861 699 3901 sermone
717 3844 838 3900 subsistit
856 3861 864 3898 a
879 3858 926 3910 per

134 3957 193 4010 ιιι
207 3942 283 4010 prior
295 3941 411 3995 nrnuuus
442 3940 590 3994 inundatus
616 3939 717 3992 diluuio
745 3939 836 4006 periit.
861 3935 927 3991 Coeli

135 4036 443 4106 ratemqainunesuut
463 4046 589 4097 esserra,
619 4033 713 4087 eurlern
740 4035 844 4086 ratione
871 4047 927 4085 ser·

135 4129 300 4198 tentationi
312 4125 356 4199 (ll
376 4126 451 4182 Petr.
471 4143 513 4194 ιιι,
531 4126 640 4196 lisera.)
657 4145 664 4180 ι
679 4140 734 4195 «prro
746 4139 828 4179 sensu
852 4126 926 4177 arei-

138 4221 319 4290 pierulumeit,
330 4220 501 4288 postmodum
515 4220 593 4274 docet
604 4232 613 4273 z
623 4217 713 4273 Nouos
727 4216 925 4279 ‘nannenten

137 4303 385 4367 erueruntterram
412 4312 530 4365 sitiemus
557 4320 582 4365 et
613 4310 842 4380 repromissionem
869 4308 927 4377 ep'us

140 4404 221 4476 (iiio.
240 4405 304 4474 ¹³i²
323 4421 375 4459 nrm
393 4404 472 4466 uixit.
494 4403 561 4458 alios
573 4404 657 4458 coelos
681 4412 708 4457 et
724 4402 805 4456 aliam
824 4413 924 4455 terram

979 3852 1025 3921 qui
1042 3851 1234 3906 exsultationis
1249 3859 1276 3904 et
1289 3848 1381 3919 gaudii
1399 3856 1531 3901 <eternam
1548 3843 1769 3914 erret-ipieteren·

979 3955 1078 4010 turam,
1094 3944 1219 3998 audietne
1235 3943 1305 3996 ultra
1325 3955 1378 3994 ιιι
1396 3941 1477 3995 uetus
1491 3936 1667 4002 etrlatnoris;
1679 3950 1767 4004 (μιαι-

978 4037 1013 4090 do
1029 4035 1148 4090 abierint
1171 4033 1260 4097 tlolor,
1285 4045 1389 4087 nroeror
1418 4038 1446 4084 et
1468 4029 1598 4100 gemitus.
1623 4023 1767 4081 Contraria

979 4131 1077 4198 quiippe
1102 4128 1184 4182 siurul
1198 4141 1260 4181 esee
1276 4141 1329 4179 uon
1355 4131 1482 4193 possunt.
1502 4122 1538 4176 Et
1559 4120 1604 4175 uui
1622 4118 1768 4173 exsultatio

978 4231 1030 4284 eet,
1046 4230 1073 4273 et
1087 4219 1228 4289 garrulum,
1257 4218 1304 4287 qui
1336 4215 1498 4272 {ructuaret
1524 4212 1643 4282 Spiritus
1666 4208 1766 4274 saneti,

979 4311 1015 4366 ini
1043 4309 1122 4365 lietue
1137 4320 1166 4365 et
1187 4309 1313 4379 planetus
1330 4323 1384 4362 non
1403 4315 1493 4376 potest
1519 4301 1698 4366 eoirrrnorari,
1721 4298 1769 4369 qui

979 4413 1060 4471 aptus
1076 4413 1119 4458 est
1135 4402 1353 4456 lamentantibus
1370 4410 1451 4467 atque
1463 4397 1629 4468 lingentibus,
1650 4403 1678 4449 et
1698 4405 1769 4462 prte-

140 4493 303 4559 rirlelrimtts,
320 4495 368 4547 aeri
380 4504 485 4548 veteres
502 4503 529 4547 et
548 4494 675 4562 antiquus
694 4494 720 4547 in
737 4494 833 4548 melius
848 4511 908 4547 com
940 4493 965 4552 D
980 4497 1060 4566 cipue
1077 4496 1192 4559 uturum,
1209 4508 1290 4562 quem
1305 4493 1339 4547 de
1360 4489 1482 4546 Eoi-lesia
1500 4489 1669 4545 credentium
1693 4483 1768 4539 Pau·

141 4592 270 4639 rnunrtos.
287 4583 438 4640 Possumus
449 4595 476 4639 et
490 4585 541 4638 lrou
557 4584 739 4654 nicer-emunit
752 4587 877 4640 contrarii
893 4587 926 4639 alr
979 4590 1018 4642 lus
1038 4588 1161 4657 expellit,
1180 4602 1215 4642 ue
1236 4586 1263 4641 iu
1289 4584 1498 4654 similitudinem
1523 4580 1690 4643 lrruaormu,
1718 4588 1768 4645 pro

141 4673 305 4741 idololatria,
319 4687 347 4731 et
361 4676 476 4747 pristino
494 4691 590 4732 errore
603 4678 723 4740 deserto,
743 4693 828 4731 noros
843 4684 927 4732 eoetus
975 4678 1079 4749 judicio
1102 4678 1234 4733 lactamus
1257 4677 1416 4733 clamorem.
1436 4675 1465 4730 ln
1494 4674 1541 4729 tali
1564 4677 1631 4727 urire
1651 4669 1768 4724 uirersae

140 4778 165 4823 et
194 4785 292 4826 noram
312 4778 410 4826 [ertum
436 4771 545 4825 vitieatti
562 4787 568 4824 :
584 4785 753 4838 ιιθιιιιιιμιιιιι
766 4769 928 4822 arbitrantes
978 4787 1073 4829 unates
1094 4790 1145 4825 riou
1161 4784 1260 4827 urunt:
1283 4770 1374 4825 inians
1388 4782 1416 4825 et
1430 4756 1636 4836 aenex,put·tlus
1662 4773 1766 4817 elma·

140 4867 272 4922 elementa
296 4866 374 4928 tleoe,
404 4871 432 4918 et
458 4878 489 4918 ea
515 4879 575 4933 (ιιι
602 4859 753 4916 naseuntur
780 4876 813 4914 ux
845 4872 924 4913 terra.

142 4957 218 5014 liunr
229 4957 391 5013 conlitemur
407 4954 504 5011 coelum
523 4965 550 5007 ot
565 4965 666 5007 terrum
683 4968 765 5022 upora
784 4966 846 5007 esse
871 4966 926 5005 ma·

142 5068 222 5107 rruuur
238 5051 284 5105 uei
302 5067 310 5108 :
329 5051 375 5104 illo
389 5057 479 5104 autern
491 5057 625 5117 tempore,
649 5061 745 5100 servus
774 5054 801 5098 ut
822 5056 928 5099 ereatu-

144 5159 197 5196 ram
212 5141 408 5196 venerabamur
420 5136 551 5207 olreequio
562 5136 618 5199 liei,
635 5136 709 5206 qtrorl
725 5148 750 5188 er
768 5137 850 5188 Dzrril
866 5151 928 5190 seu·

144 5237 210 5291 nens
225 5243 315 5288 sarriet
330 5235 356 5290 iu
373 5229 504 5286 Peelnro:
526 5227 624 5283 Vinicio
645 5230 722 5282 coelos
738 5244 816 5298 opera
832 5229 928 5299 tilpino-

143 5323 482 5395 rsrrstrrorunrll'sul.rtrt,
509 5320 564 5379 ti:
595 5335 648 5374 non
675 5334 730 5389 quo
760 5328 928 5387 euterupme

144 5420 224 5476 tulos
239 5433 292 5474 nou
304 5416 415 5484 rirlerit,
429 5431 492 5472 euru
513 5417 572 5480 ista,
583 5411 691 5467 licebat
709 5428 717 5477 ;
735 5411 784 5466 sed
809 5424 864 5479 quo
879 5424 928 5480 per

176 5581 185 5612 ¹
201 5576 277 5634 linus
290 5592 338 5647 pro
352 5574 459 5635 eunctis
475 5573 506 5630 S.
527 5569 703 5641 linguonum,
720 5568 752 5622 sie
769 5567 849 5623 Cieit.
867 5568 925 5634 Dei,

144 5664 201 5719 top.
213 5650 270 5702 lli:
293 5665 302 5699 s
321 5647 408 5710 Turre,
423 5645 520 5714 iniquit,
542 5643 626 5709 lipara
642 5640 721 5706 liujus
732 5643 824 5692 tntrrnli
847 5654 927 5692 ntun-

978 4883 1061 4937 gnus,
1078 4866 1124 4935 tpui
1141 4880 1193 4918 sion
1211 4863 1324 4932 impleat
1339 4861 1397 4915 dies
1424 4873 1489 4916 suus
1507 4873 1517 4927 3
1542 4856 1589 4911 sed
1616 4850 1692 4922 quasi
1717 4848 1767 4905 ulii

978 4954 1201 5020 resurreetionia,
1219 4967 1316 5008 onmes
1333 4949 1493 5021 pervenient
1511 4945 1538 4999 in
1560 4943 1648 4997 uirum
1676 4937 1768 5010 perie-

979 5060 1063 5114 ulum,
1092 5048 1120 5102 iu
1151 5062 1307 5101 nreusurarn
1345 5043 1434 5099 araus
1459 5035 1638 5110 plenitudinis
1663 5031 1768 5090 Christi

980 5141 1089 5212 (Epirus.
1108 5139 1159 5211 ιι),
1178 5150 1208 5193 ιιι
1221 5153 1270 5193 nee
1287 5136 1379 5192 desint
1401 5132 1484 5188 alicul
1513 5143 1646 5185 antrorum
1666 5127 1768 5198 spatia.

980 5251 1028 5288 nec
1042 5233 1190 5304 supersint.
1206 5241 1235 5285 et
1260 5230 1314 5284 alio
1334 5228 1448 5282 neruum
1466 5224 1568 5291 solides
1588 5222 1706 5278 habente
1726 5220 1769 5275 ri-

979 5342 1036 5392 ιιι,
1060 5324 1131 5380 alius
1151 5324 1260 5378 desinat
1286 5300 1440 5389 eese'qnorl
1463 5317 1554 5385 luerit,
1585 5324 1613 5371 et
1630 5313 1770 5381 decrepita

978 5426 1059 5473 atate
1080 5422 1258 5481 rrrareescat;
1287 5411 1501 5484 pervenientque
1516 5421 1611 5464 omnes
1623 5404 1657 5460 ad
1673 5413 1770 5460 centena

978 5574 1105 5629 mouetur
1119 5570 1278 5627 hominibus
1298 5571 1325 5625 in
1339 5569 1436 5625 melina
1448 5567 1594 5625 innovatis.

1014 5646 1025 5677 ¹
1042 5641 1172 5697 llenduso
1191 5640 1248 5698 lios
1267 5650 1327 5699 erat
1343 5656 1392 5713 pro
1408 5633 1774 5710 uonontlracmatntrtt

145 5725 272 5773 larnnurn
298 5718 401 5786 ignium
431 5712 646 5784 conflagratione
668 5709 879 5778 praeterllrit.....
898 5718 927 5765 ut
977 5711 1122 5787 euperem,
1141 5722 1195 5769 etc.

147 5793 249 5849 ashur-et
263 5794 378 5847 uurrulus
395 5788 421 5840 iu
436 5786 534 5844 melius
549 5785 696 5840 innotatus
711 5789 805 5850 aperte
818 5794 926 5834 arrum·
