3788 6120
134 295 192 363 ⁸3¹¹
374 293 632 359 COMMENTAR.
654 291 694 356 IN
715 291 920 358 tuttnbtbbt
939 291 1173 358 eberburde
1193 293 1269 360 tte.
1290 294 1341 369 tv,
1361 297 1442 361 ete.
1456 297 1522 361 XX.
1719 303 1773 369 838

135 428 240 472 nornen
254 411 329 469 illins
344 414 528 469 nominarem.
549 412 626 481 Quod
642 427 703 467 enm
720 412 825 484 pudore
850 421 966 484 supe-A
982 412 1102 483 peccetis
1121 423 1245 469 mortuos
1257 421 1298 470 est
1310 413 1323 469 l
1337 397 1462 484 Cumque
1478 428 1508 471 se
1520 413 1590 471 teiot
1601 415 1694 488 justus
1706 433 1772 490 pro·

137 517 227 573 ratus,
242 509 398 564 verecunde
414 508 537 578 quidem,
549 507 597 562 sed
610 506 694 562 stulte
710 508 928 574 constituissem,
982 515 1159 576 pugnatorem
1172 506 1275 562 bebere
1291 506 1387 573 Deum,
1406 517 1496 562 tamen
1520 509 1692 579 impatientia
1711 511 1769 566 ιιι-

135 601 227 670 suetus
246 609 297 665 est,
319 599 460 670 inqnit,in
480 599 559 654 eorde
572 616 630 654 meo
656 600 733 670 quusi
763 598 834 670 iqnis
857 615 928 655 exte·
981 597 1093 668 pilitutis
1112 600 1247 664 burnante,
1273 599 1347 666 quod
1365 601 1442 656 novit
1457 614 1519 656 esse
1542 611 1699 668 tenturum,
1713 604 1770 675 jam

135 692 405 763 steeneelnuttteque
431 694 459 748 in
490 691 598 748 ostibus
620 691 784 758 metm-sine
811 692 931 762 nudique
981 704 1054 745 rrune
1083 691 1177 745 cidere
1208 691 1359 746 desiderat.
1379 691 1427 747 Cui
1454 703 1483 747 et
1504 694 1635 748 revelarit
1658 709 1771 752 eausam

136 783 288 838 dissolutus
302 799 376 849 turn,
392 783 429 837 ita
444 792 473 836 ιιι
486 781 556 837 lerre
570 798 624 837 non
636 798 759 853 possem.
775 782 932 853 Conceptus
981 794 1069 845 snam,
1080 781 1126 850 qni
1139 781 1207 834 dicit
1224 782 1250 835 ln
1265 781 1320 836 alio
1340 783 1399 837 loco
1416 798 1424 837 t
1441 782 1506 837 llibi
1517 784 1672 848 vindictum,
1684 794 1710 841 et
1725 802 1772 858 eqo

136 876 211 931 enim
224 874 317 930 animo
328 891 419 932 eernto
434 875 556 941 divinus,
574 890 625 932 nee
641 892 689 931 ore
703 878 838 946 prointus,
853 878 932 931 ardet
982 872 1140 939 retribuent,
1154 872 1218 927 dicit
1228 872 1358 927 Dominus
1375 873 1465 943 (nent.
1477 889 1563 940 mn,
1579 876 1631 943 355
1646 879 1728 933 Hele.
1743 893 1771 943 ι,

136 965 166 1020 ln
184 977 305 1035 pectore.
322 965 398 1024 Unde
413 976 442 1022 et
454 967 554 1023 Paulus
571 969 692 1038 loquitur
709 984 716 1025 :
734 969 765 1023 Si
791 969 926 1040 ennnpeli·
981 963 1028 1035 3⁰)
1043 1003 1050 1018 .
1065 963 1140 1018 Felix
1169 975 1259 1018 :tutem
1277 965 1460 1028 conscientie,
1483 967 1561 1036 enjus
1577 983 1661 1022 eausa
1682 968 1773 1023 Domi-

136 1073 251 1126 zurero,
272 1069 372 1113 nonest
396 1060 460 1113 nriiri
473 1060 561 1131 pieria
577 1077 586 1115 :
601 1063 741 1116 necessitas
766 1064 838 1116 enim
867 1061 931 1114 trtiiti
984 1072 1019 1108 tto
1036 1057 1172 1110 revelatur
1186 1056 1295 1110 dicetne
1321 1057 1478 1127 Apostolos
1498 1056 1580 1113 Omne
1595 1060 1666 1129 qnod
1684 1062 1771 1114 nterii-

136 1149 279 1206 incumbit.
303 1149 347 1205 l'oe
360 1153 431 1205 ent'nt
444 1153 570 1218 resilient,
585 1153 638 1208 nisi
654 1155 870 1225 euortqeliznnero
886 1154 931 1216 ;si
982 1147 1110 1216 metetur,
1133 1147 1230 1203 ineest
1243 1147 1352 1216 (Epltes.
1368 1165 1394 1213 v,
1413 1150 1469 1218 ti).

136 1243 314 1298 enimtoleum
341 1243 463 1314 itoeopo,
491 1245 639 1299 mercedem
663 1245 747 1299 babeo
765 1261 774 1300 :
794 1246 817 1299 ti
841 1255 930 1300 orttent
1020 1240 1113 1310 (tiens.
1134 1240 1204 1309 ts.)
1228 1242 1369 1295 ‹llerntnte
1395 1239 1520 1306 Dotttiuo,
1546 1243 1657 1300 laudate
1682 1245 1773 1300 bortri-

109 1368 127 1387 κ
146 1332 436 1402 interrumperemus
454 1335 679 1390 ntibirrediteett
696 1335 723 1404 (1
740 1337 802 1392 Cer.
831 1351 868 1402 rx,
885 1337 931 1404 l6,
983 1348 1059 1398 num,
1085 1334 1147 1402 qnia
1175 1333 1301 1387 liberavit
1324 1334 1443 1386 animem
1470 1335 1599 1404 pauperis
1628 1336 1662 1390 de
1687 1352 1771 1392 tttanu

138 1423 199 1493 ll).
215 1425 248 1480 Et
264 1423 417 1480 indtlretris
433 1426 529 1482 cidens
543 1426 706 1482 idololotriee
720 1428 843 1484 deditam
863 1432 933 1485 eici·
984 1426 1164 1496 pessimorum
1191 1424 1286 1497 [anq.
1304 1426 1502 1498 rtralorurnl.»
1531 1426 1700 1497 Quipanper
1728 1442 1769 1486 est

141 1525 242 1579 taterm
262 1517 427 1572 incitabatur
456 1516 510 1588 [tt.
536 1517 687 1591 incitetur]
704 1520 811 1589 spiritu,
829 1531 856 1576 et
875 1529 932 1577 totn
983 1518 1091 1585 spirito,
1119 1532 1169 1572 nee
1180 1516 1263 1573 babet
1279 1518 1399 1580 dicitius,
1426 1531 1487 1587 qne
1502 1530 1664 1590 receperunt
1677 1521 1702 1574 in
1719 1521 1774 1577 isto

139 1619 234 1664 mente
262 1608 386 1664 terrebat
401 1611 410 1681 (
424 1612 481 1666 det.
502 1614 582 1681 xtn).
601 1611 634 1666 Ει
659 1623 721 1684 pust
749 1614 885 1670 turonicum
904 1616 932 1670 tu
983 1609 1083 1664 seculo
1097 1610 1314 1665 consolationem
1333 1625 1421 1678 suern,
1438 1615 1472 1667 de
1498 1612 1598 1683 quibus
1617 1623 1645 1668 et
1670 1611 1774 1668 Penius

139 1701 238 1755 eodem
266 1702 405 1757 roltnnirre
434 1701 573 1773 legimns:
595 1703 663 1759 Cunt
690 1708 823 1762 uenissent
843 1717 931 1762 nutent
985 1701 1108 1772 loquitur
1132 1717 1140 1757 ι
1162 1702 1277 1757 Tantum
1305 1713 1332 1758 nt
1364 1719 1510 1774 pauperent
1536 1723 1664 1760 memoret
1702 1723 1773 1762 ette-

139 1793 172 1848 ιιι
190 1791 350 1848 Macedonia
374 1793 446 1848 Silus
473 1804 497 1849 et
517 1795 677 1862 Timotheus,
707 1798 825 1853 instabat
854 1761 1771 1864 nertoBnnttcotnt.1t,t0),comiseritstudit-tenebommo

141 1882 259 1952 Punlnr,
293 1886 438 1956 testificans
471 1885 577 1942 iudeis
600 1905 656 1945 eme
687 1889 931 1946 cnr-mumdum
983 1898 1158 1967 consecutus,
1185 1886 1327 1942 Doctrinum
1348 1889 1442 1944 laudnt
1466 1889 1493 1943 in
1518 1890 1670 1959 spiritu,et
1694 1892 1773 1946 sede

140 1977 215 2048 (Act.
235 1978 376 2048 sturmi).
394 1977 447 2033 Sed
460 1989 489 2037 et
500 1981 624 2051 plerique
638 1982 780 2038 ductorum
797 1985 823 2038 in
838 1983 933 2040 Eccle·
983 1997 1065 2036 marm
1096 1982 1278 2050 pessinmrutn
1305 1994 1413 2037 erutum
1431 1983 1574 2055 glorietur.
1596 1983 1653 2040 lloe
1681 1998 1773 2040 antetn

140 2071 182 2128 sia
198 2088 283 2142 usqne
297 2073 377 2128 bodie
393 2073 494 2129 similia
521 2074 669 2142 sustinent,
690 2078 833 2132 audientes
860 2078 933 2132 vitu·
985 2081 1071 2127 tolum
1087 2073 1126 2137 sst,
1142 2088 1195 2128 non
1212 2082 1306 2128 nostro
1320 2076 1431 2141 metito,
1447 2074 1495 2130 sed
1514 2075 1575 2144 rjus
1602 2078 1691 2145 gratio
1726 2079 1771 2147 qni

142 2167 312 2235 perationem
338 2167 483 2221 multorum
521 2181 749 2242 congregatorum
785 2172 931 2226 adeersum
983 2179 1131 2236 pauperent
1157 2168 1296 2233 liberarit,
1320 2182 1372 2223 nee
1396 2168 1480 2224 babet
1507 2169 1772 2238 dit-itinstunerbiee

141 2270 173 2313 ss
189 2258 216 2314 Ιιι
232 2259 360 2323 eirenitu,
388 2269 470 2331 atque
486 2261 655 2323 dicentium:
674 2262 880 2333 l'erseqnitttini,
905 2274 931 2319 et
945 2322 949 2329 ,
984 2261 1139 2313 corruentis
1151 2276 1159 2326 ;
1172 2261 1220 2315 sed
1235 2263 1416 2317 bumilitatem
1436 2263 1565 2331 pauperis
1581 2262 1701 2317 liberati.

141 2366 396 2422 pertequnmnreot.
1019 2350 1109 2420 (Vens.
1128 2352 1160 2406 tt
1172 2355 1262 2425 seqql
1283 2353 1451 2409 illnledicta
1482 2354 1550 2420 dies,
1567 2354 1664 2424 inque
1692 2364 1775 2411 tintus

178 2441 269 2513 (Vere.
285 2444 342 2514 ll.)
361 2444 486 2501 ‹Omrtes
499 2445 570 2518 niri[
586 2446 681 2502 dttb
695 2446 822 2502 otnnibus
840 2445 932 2520 cirisl,
985 2459 1057 2508 sttrn,
1072 2444 1131 2498 dies
1156 2447 1181 2499 in
1198 2461 1251 2513 qun
1269 2448 1373 2516 peperit
1397 2462 1440 2502 nte
1457 2457 1544 2502 meter
1571 2463 1630 2502 mea
1655 2462 1709 2503 non
1737 2450 1775 2503 sit

141 2538 191 2606 qui
206 2545 284 2593 erant
307 2538 414 2607 puciliei
429 2541 481 2597 mei
493 2539 550 2614 [At.
566 2541 645 2614 mibi]
661 2582 669 2608 ,
688 2552 716 2598 et
743 2544 934 2600 custodientes
985 2537 1139 2593 benedicto.
1159 2537 1319 2594 lloledietns
1333 2541 1375 2594 vir
1393 2541 1458 2608 (sine
1482 2539 1586 2610 ltnmo)
1605 2542 1650 2609 qul
1664 2555 1774 2596 antron·

139 2629 215 2686 intus
232 2646 348 2689 utentur:
369 2631 392 2688 si
407 2633 545 2702 quomodo
562 2634 725 2706 decipietur,
740 2647 768 2690 et
783 2636 934 2705 preeuntes.
985 2631 1064 2684 tiatit
1076 2633 1144 2700 putri
1163 2647 1224 2688 meo
1241 2633 1346 2699 dicens,
1365 2644 1446 2689 notus
1463 2645 1504 2689 est
1516 2634 1562 2689 tibi
1579 2635 1650 2690 titius
1666 2650 1774 2690 mosen-

144 2736 207 2778 mns
219 2723 365 2778 adversum
389 2738 462 2792 eum,
482 2733 509 2781 et
524 2740 726 2800 cousequantur
751 2727 883 2783 ultionem
899 2743 934 2783 ex
961 2741 966 2748 ’
985 2723 1038 2784 lus,
1057 2735 1084 2779 et
1100 2725 1179 2794 quasi
1194 2726 1294 2795 gaudio
1306 2726 1456 2781 iaetidearit
1479 2726 1611 2780 succesit
1636 2727 1716 2781 hdttto
1731 2726 1777 2780 ille

140 2829 188 2871 eo.
207 2813 339 2872 Dominus
353 2827 445 2872 antem
464 2833 571 2872 meeum
590 2826 632 2872 est
645 2817 722 2887 quasi
746 2818 862 2874 bellator
877 2818 934 2874 ior·
986 2826 1016 2871 ut
1031 2825 1096 2870 suut
1109 2816 1237 2872 ciuitates
1265 2818 1483 2887 quassubnettit
1508 2819 1648 2881 Doctrinns.
1664 2830 1691 2874 et
1717 2835 1770 2873 nttn

142 2908 191 2962 tis.
212 2925 223 2959 ι
240 2907 309 2962 Cum
332 2909 482 2964 ndnersarii
494 2910 677 2976 surrexerint,
693 2920 721 2966 et
736 2913 818 2966 antici
844 2929 933 2984 qnon-
986 2907 1113 2976 ptetrituit
1129 2923 1190 2964 enm
1210 2909 1324 2965 :audiat
1335 2909 1481 2965 elarnorem
1498 2927 1587 2978 intime,
1604 2921 1631 2966 et
1643 2911 1775 2966 uiolatum

143 3001 208 3054 dnm
224 3009 306 3070 atque
321 3001 427 3070 pneibci
457 3000 609 3058 luerimnd
636 3001 856 3069 bellaeourersi,
883 3019 933 3060 ro·
987 3000 1014 3055 in
1033 2991 1165 3072 tempore
1183 3004 1347 3069 meridiano,
1375 3003 1421 3074 qui
1449 3019 1503 3059 non
1535 3001 1674 3059 interiecit
1691 3019 1734 3058 nce
1760 3018 1776 3058 a

143 3092 300 3162 lnerintque
316 3093 396 3151 nobis
410 3093 526 3149 iusidias
546 3076 671 3159 tendere,
694 3109 747 3149 non
766 3110 933 3169 magnopere
947 3108 970 3171 (χ
986 3093 1078 3160 tuito,
1092 3094 1211 3149 uideret
1226 3096 1291 3150 mibi
1304 3105 1391 3151 ntater
1403 3111 1461 3149 mea
1474 3096 1640 3166 sepulerum,
1657 3097 1775 3151 etenira

144 3199 295 3243 cursurus:
313 3186 361 3241 sed
373 3195 500 3256 optentus
526 3188 578 3243 boe
605 3188 697 3242 dicere
717 3187 788 3255 quod
800 3184 936 3256 Propheta
987 3184 1046 3254 ejus
1060 3194 1209 3253 eoueeptus
1230 3196 1360 3240 eternus.
1378 3185 1469 3254 Quare
1485 3191 1523 3242 de
1550 3188 1628 3241 rnlm
1645 3203 1776 3257 egressus

144 3277 266 3346 loquitur
285 3277 434 3333 :doctrines
449 3289 537 3332 entem
553 3295 656 3334 mecnnt
668 3291 707 3334 est
723 3281 802 3349 qnasi
823 3279 937 3335 bellator
987 3292 1059 3342 sutri,
1074 3286 1103 3332 ut
1120 3278 1240 3332 riderent
1261 3278 1381 3334 laborem
1397 3288 1424 3334 et
1440 3279 1574 3344 dolorem,
1591 3290 1779 3336 eteonsume·

143 3370 234 3441 pertis.
430 3384 437 3393 ·
792 3426 798 3433 ,
988 3385 1082 3427 rentur
1098 3372 1125 3426 in
1137 3372 1300 3427 confusione
1314 3373 1373 3427 dies
1402 3373 1504 3427 meiit
1527 3373 1578 3438 chi
1605 3377 1778 3443 putantem·

184 3481 195 3514 ι
214 3463 320 3518 ideireo
336 3464 383 3531 qui
401 3477 444 3518 me
460 3474 674 3534 persequuntur,
701 3465 801 3522 eadent
816 3475 842 3521 et
857 3466 936 3523 inbr-
988 3477 1049 3520 mes
1065 3463 1151 3521 luisse
1167 3464 1193 3519 in
1214 3463 1425 3527 contendisset
1442 3463 1474 3517 de
1492 3464 1597 3517 nreliori
1611 3466 1637 3517 in
1655 3464 1776 3533 pejorem

145 3555 184 3610 ml
205 3556 362 3627 ernntlsioe
392 3555 453 3610 ideo
478 3561 616 3625 persecuti
643 3565 718 3625 sunt,
742 3566 770 3612 et
785 3558 938 3629 intelligere
988 3567 1090 3615 statum
1105 3559 1299 3629 praeeipitotns,
1319 3557 1370 3611 ltoe
1385 3565 1413 3611 et
1440 3553 1628 3625 lttrjusecmodi
1659 3563 1778 3608 utuntur

147 3660 204 3702 trou
230 3657 376 3715 potuerunt
392 3647 414 3718 l.
427 3644 639 3703 Cottiundnntur
652 3645 749 3720 [iniq.
767 3647 937 3703 eortiunden-
990 3651 1165 3717 testimoniis,
1181 3650 1253 3718 quod
1269 3649 1375 3705 seilicet
1386 3648 1482 3703 melius
1502 3647 1584 3701 luerit
1603 3636 1641 3700 in¹
1653 3646 1777 3703 eoelesti·

148 3738 204 3812 ιιιιΙ
222 3742 406 3808 rebetnenter,
425 3743 489 3812 quia
524 3757 578 3797 non
614 3743 809 3799 intellexerunt
835 3758 937 3815 oppro·
988 3747 1050 3809 bns,
1069 3743 1199 3814 quem-in
1218 3741 1335 3797 terrenis
1364 3741 1582 3803 centonomium
1600 3755 1699 3808 eorpus
1725 3739 1777 3795 lm-

146 3831 238 3887 brimn
252 3831 316 3903 (sine
333 3833 520 3903 igrtonmriam)
540 3835 752 3904 sempiternum,
768 3837 840 3906 quod
863 3852 938 3892 nun·
989 3833 1114 3891 militatis
1138 3848 1280 3890 assumere
1296 3847 1304 3886 ι
1320 3846 1388 3886 nore
1416 3830 1550 3900 qnaedont,
1577 3831 1631 3884 imo
1658 3828 1713 3897 jam
1729 3844 1776 3885 re·

147 3940 230 3997 qinom
255 3924 401 3981 delebitur.
421 3944 431 3978 ι
445 3927 515 3994 Quia
545 3929 684 3997 persecuti
700 3937 775 3994 sunit,
790 3930 852 3985 iden
875 3945 938 4001 pro·
990 3937 1049 3985 tero
1066 3919 1204 3984 bereseos
1220 3941 1275 3981 sone
1287 3924 1449 3997 argumenta
1464 3932 1627 3993 querentes.
1643 3920 1777 3981 Nosrero

148 4017 290 4087 pbetteum
304 4033 358 4073 non
376 4027 526 4088 potuerunt
554 4019 707 4091 intelligere
725 4035 891 4087 sermonem,
911 4033 940 4079 et
990 4020 1111 4088 legentes
1127 4018 1192 4074 illud
1211 4017 1284 4073 beati
1305 4014 1375 4070 lob:
1395 4014 1478 4085 082
1501 4013 1650 4067 lieledieto
1665 4013 1721 4068 dies
1749 4015 1776 4082 in

148 4111 333 4183 ignorantiam
349 4110 475 4167 conlusio
495 4113 643 4169 uehemens
657 4125 804 4169 consecuta
820 4126 872 4178 est,
889 4130 939 4173 ttee
990 4129 1043 4183 qne
1068 4119 1148 4166 nutus
1175 4126 1245 4176 sunt,
1272 4118 1298 4164 et
1322 4121 1375 4163 tros
1391 4108 1440 4160 illu
1464 4107 1493 4159 in
1504 4121 1556 4175 qne
1569 4105 1703 4172 dixerunt,
1717 4121 1775 4161 ecee

150 4202 344 4258 intellexeruut
357 4202 535 4272 ignominiam
564 4204 773 4273 sernpiternmn,
793 4219 855 4274 qnae
869 4205 940 4259 obti-
991 4205 1125 4258 tnnsettltts
1151 4201 1213 4272 (iod
1239 4200 1337 4267 trudi.
1370 4197 1404 4253 Et
1423 4216 1431 4253 ι
1448 4195 1700 4252 diniedietnebomo
1732 4201 1778 4266 qni

150 4297 228 4354 nebit
249 4309 307 4363 eos,
339 4303 367 4350 et
390 4295 464 4350 nulla
493 4295 631 4351 oblivione
669 4297 814 4352 delebitur.
843 4297 941 4353 bisunt
991 4293 1247 4363 ennuntiooitpatri
1266 4307 1333 4356 meo,
1361 4291 1462 4355 dicent,
1488 4299 1620 4344 natusest
1637 4290 1682 4343 tibi
1702 4306 1778 4359 puer,

150 4390 234 4462 igitur
248 4387 322 4457 quod
336 4386 432 4443 nolunt
448 4388 499 4442 tiri
514 4390 652 4458 quondam
668 4388 750 4460 001
767 4390 885 4461 peeibci,
912 4398 940 4446 et
993 4386 1227 4443 bttietestlmonio
1255 4394 1428 4452 eoeptomus,
1451 4382 1524 4452 qnod
1553 4381 1660 4436 seilicet
1681 4382 1779 4436 melius
1810 4434 1812 4439 ⁴

150 4485 197 4553 qui
210 4479 483 4537 custodiebantlatus
494 4494 595 4547 menm,
608 4489 636 4536 et
647 4481 938 4553 decipereenpiebant,
954 4462 978 4520 Ῐ)
992 4479 1029 4535 ιιι
1044 4492 1097 4533 non
1113 4491 1185 4543 esse,
1199 4490 1281 4546 quam
1300 4475 1392 4529 tinere
1403 4475 1428 4527 in
1442 4473 1595 4543 suppliciis,
1609 4474 1683 4541 iuxta
1712 4472 1777 4527 iilud

151 4573 301 4630 dnmmodo
316 4573 422 4643 justum
441 4572 531 4627 tirum
551 4582 635 4641 etque
653 4573 794 4628 doctorem
810 4573 940 4629 Ecclesiae
993 4571 1065 4641 qnod
1082 4571 1214 4639 seriptum
1232 4578 1274 4623 est
1291 4583 1299 4624 ε
1316 4567 1387 4622 llorr
1398 4569 1453 4623 uiro
1480 4567 1593 4653 requies,
1609 4567 1654 4620 eui
1681 4566 1778 4627 elausit

151 4673 215 4737 post
228 4663 448 4735 persecutionem
460 4670 536 4718 tante
546 4663 819 4733 ritrdieta,tenteque
829 4663 941 4734 premia
993 4665 1064 4718 liene
1088 4665 1159 4717 niem
1187 4678 1263 4716 tunm
1289 4658 1387 4731 (decli.
1415 4675 1482 4725 ιιιι,
1499 4659 1529 4714 ll
1547 4660 1568 4728 l.
1592 4657 1626 4713 Et
1651 4657 1777 4712 iterumn

151 4765 368 4827 consequantur.
993 4756 1082 4822 Qnere
1102 4757 1167 4808 detto
1179 4763 1218 4808 est
1235 4754 1331 4807 misero
1349 4752 1406 4817 irre,
1427 4762 1451 4805 et
1464 4754 1518 4806 oito
1535 4751 1574 4804 lrir
1592 4752 1636 4819 qtti
1651 4751 1678 4802 in
1701 4765 1777 4802 ente·

186 4848 290 4919 llere.
305 4847 374 4917 ll.)
398 4864 407 4898 t
425 4845 458 4902 Et
474 4854 513 4910 tn,
529 4843 641 4901 Dontine
666 4845 853 4912 exercituum,
879 4860 941 4916 pro·
993 4848 1213 4903 ritndinennimte
1227 4857 1287 4900 snm
1315 4845 1373 4914 (lob
1385 4859 1426 4910 nr,
1440 4844 1486 4912 id)
1503 4844 1515 4897 l
1530 4843 1565 4897 Et
1587 4842 1613 4896 ln
1632 4841 1780 4910 Evangelio

152 4940 307 5010 baturjusti
323 4939 332 5008 (
347 4939 402 4993 eine
414 4939 463 5008 qui
476 4938 577 5007 probos
587 4938 686 5008 justo),
704 4939 750 5008 qni
764 4937 840 4992 tides
862 4953 942 4994 renes
993 4942 1154 5012 simpliciter
1170 4944 1270 4997 dietum
1283 4940 1418 5011 legimns:
1435 4936 1533 4991 lllelitts
1548 4936 1572 4989 ei
1585 4934 1673 5004 fuerat
1689 4935 1712 4988 si
1730 4951 1779 4990 nn·

152 5042 181 5088 et
193 5044 253 5097 eor,
270 5031 388 5098 videon,
405 5043 508 5098 queso,
522 5029 651 5084 ultionem
668 5037 742 5083 tuam
763 5044 797 5084 ex
815 5029 866 5094 eis,
894 5029 942 5085 tibi
994 5043 1037 5088 tur
1049 5050 1101 5087 non
1115 5032 1208 5102 {nimet
1226 5030 1335 5103 (notin.
1353 5044 1426 5093 xxm,
1447 5028 1492 5096 ιι)
1510 5042 1518 5083 :
1533 5041 1586 5082 non
1601 5028 1672 5097 qnod
1685 5029 1779 5098 sitqni

153 5120 229 5176 enim
245 5118 363 5174 revelari
378 5134 489 5175 cernam
504 5135 605 5173 meent.
624 5119 728 5174 »Solus
741 5129 785 5174 est
801 5118 941 5186 Dominus,
994 5137 1075 5181 uatus
1092 5141 1145 5181 non
1163 5126 1243 5179 [uerit
1259 5142 1267 5191 ;
1282 5125 1329 5178 sed
1343 5122 1414 5192 qnod
1436 5121 1535 5176 meiius
1566 5118 1681 5175 sitnon
1705 5131 1779 5189 esse,

154 5215 203 5282 qni
221 5213 326 5267 noverit
339 5212 456 5282 probare
471 5213 620 5281 justitium,
637 5213 774 5280 quomodo
799 5212 874 5268 solus
901 5222 944 5268 est
995 5232 1076 5287 quum
1092 5216 1162 5271 maie
1180 5229 1253 5270 esse.
1269 5212 1347 5266 blind
1365 5223 1407 5268 est
1423 5213 1496 5266 enim
1509 5211 1621 5267 omnino
1635 5227 1690 5268 non
1707 5227 1778 5276 esse,

154 5306 201 5375 qni
215 5304 307 5362 cordis
320 5305 429 5359 interne
440 5304 602 5373 conspiciet.
621 5303 699 5360 Unde
712 5313 738 5360 et
754 5302 836 5360 lesus
851 5305 942 5361 sciens
996 5307 1068 5362 aliud
1083 5322 1143 5362 enm
1160 5307 1206 5370 sit,
1222 5304 1310 5373 obque
1336 5303 1390 5357 ullo
1416 5303 1621 5359 intermissione
1649 5302 1779 5369 erueinri,

154 5392 336 5463 cogitationes
358 5393 500 5449 bonrinum
512 5392 590 5466 (due.
607 5409 633 5448 ιι
648 5398 669 5464 ),
686 5410 740 5450 non
760 5411 793 5451 ex
805 5396 942 5466 proiectu,
995 5400 1131 5471 quomodo
1161 5404 1275 5451 mortem
1298 5395 1429 5464 quietam,
1447 5394 1509 5449 nitae
1525 5393 1781 5464 miseriaepraetert·

156 5499 186 5541 ιιι
199 5486 309 5557 qnidam
326 5497 432 5556 putent,
447 5487 495 5542 sed
508 5497 612 5553 ¹notura
637 5486 769 5543 [tensest.
796 5488 860 5544 Tale
878 5489 944 5560 qnid
996 5504 1066 5546 ιιιιιι.
1094 5488 1170 5546 Unde
1196 5497 1222 5542 et
1253 5487 1335 5542 dirtos
1364 5487 1435 5541 diem
1448 5486 1566 5556 nppeliat
1592 5485 1781 5569 tenebrarum,

156 5589 184 5633 et
199 5594 228 5633 ru
249 5577 363 5648 psalmis
386 5586 467 5633 sorsat
483 5593 492 5636 t
506 5578 568 5633 Non
584 5579 777 5648 justificabitur
789 5580 817 5633 in
833 5595 944 5646 eonspe-
997 5584 1068 5637 diem
1088 5579 1346 5649 nillietionisldmot
1375 5595 1391 5632 ι
1411 5577 1432 5650 ).
1452 5581 1485 5634 lit
1499 5578 1584 5634 Jacob
1598 5593 1632 5634 eo
1653 5577 1725 5648 qtrotl
1742 5591 1782 5628 ιι-

156 5684 201 5723 ent
229 5679 274 5723 tuo
295 5670 380 5724 omnio
407 5671 494 5726 nitens
520 5668 609 5744 (Psoi.
635 5673 720 5737 extit,
744 5671 782 5739 ἲ).
798 5671 827 5727 Si
852 5672 944 5728 nitens
996 5673 1067 5728 xerit
1083 5674 1109 5725 in
1125 5671 1218 5725 labore
1231 5679 1259 5725 ct
1270 5671 1408 5740 ottgustin,
1421 5671 1478 5725 tiies
1492 5670 1554 5724 vitn·
1570 5684 1626 5725 sune
1640 5682 1739 5742 portos
1752 5680 1781 5724 et

157 5758 306 5818 rirtntibns
319 5779 372 5818 non
386 5762 589 5833 iustibenbitur,
617 5774 720 5836 qttnttto
731 5766 817 5838 magis
831 5767 877 5838 qni
894 5781 944 5836 pro
996 5764 1130 5838 pessimos
1151 5773 1229 5822 tecet
1245 5759 1324 5830 (Gen.
1348 5777 1418 5818 nxtn
1430 5763 1450 5833 l.
1480 5761 1511 5820 Et
1527 5760 1629 5821 Paulus
1641 5758 1793 5834 apostotus
