<?xml version="1.0" encoding="UTF-8"?>
<!DOCTYPE html PUBLIC "-//W3C//DTD XHTML 1.0 Transitional//EN"
    "http://www.w3.org/TR/xhtml1/DTD/xhtml1-transitional.dtd">
<html xmlns="http://www.w3.org/1999/xhtml" xml:lang="en" lang="en">
 <head>
  <title>
</title>
<meta http-equiv="Content-Type" content="text/html;charset=utf-8" />
  <meta name='ocr-system' content='tesseract 3.04.00' />
  <meta name='ocr-capabilities' content='ocr_page ocr_carea ocr_par ocr_line ocrx_word'/>
</head>
<body>
  <div class='ocr_page' id='page_1' title='image "./patrologiaecurs19goog/patrologiaecurs19goog_0390.png"; bbox 0 0 3788 6120; ppageno 0'>
   <div class='ocr_carea' id='block_1_1' title="bbox 125 238 1762 316">
    <p class='ocr_par' dir='ltr' id='par_1_1' title="bbox 125 238 1762 316">
     <span class='ocr_line' id='line_1_1' title="bbox 125 238 1762 316; baseline -0.011 -2"><span class='ocrx_word' id='word_1_1' title='bbox 125 251 178 316; x_wconf 77' lang='lat' dir='ltr'>&#39;til</span> <span class='ocrx_word' id='word_1_2' title='bbox 721 244 750 306; x_wconf 85' lang='lat' dir='ltr'>S.</span> <span class='ocrx_word' id='word_1_3' title='bbox 774 238 933 303; x_wconf 72' lang='lat' dir='ltr'>bussuli</span> <span class='ocrx_word' id='word_1_4' title='bbox 954 239 1176 302; x_wconf 79' lang='lat' dir='ltr'>ntnnonsttt</span> <span class='ocrx_word' id='word_1_5' title='bbox 1711 242 1762 306; x_wconf 61' lang='grc' dir='ltr'>Μ</span> 
     </span>
    </p>
   </div>
   <div class='ocr_carea' id='block_1_2' title="bbox 123 349 1764 611">
    <p class='ocr_par' dir='ltr' id='par_1_2' title="bbox 123 349 1764 611">
     <span class='ocr_line' id='line_1_2' title="bbox 123 349 1764 430; baseline -0.002 -14"><span class='ocrx_word' id='word_1_6' title='bbox 123 378 195 425; x_wconf 80' lang='lat' dir='ltr'>rrrrts,</span> <span class='ocrx_word' id='word_1_7' title='bbox 208 357 328 430; x_wconf 78' lang='lat' dir='ltr'>lusitque</span> <span class='ocrx_word' id='word_1_8' title='bbox 338 372 474 427; x_wconf 80' lang='lat' dir='ltr'>superata,</span> <span class='ocrx_word' id='word_1_9' title='bbox 484 356 563 429; x_wconf 81' lang='lat' dir='ltr'>juxta</span> <span class='ocrx_word' id='word_1_10' title='bbox 574 352 738 411; x_wconf 87' lang='lat' dir='ltr'>liebraisum</span> <span class='ocrx_word' id='word_1_11' title='bbox 755 352 841 422; x_wconf 80' lang='lat' dir='ltr'>priori</span> <span class='ocrx_word' id='word_1_12' title='bbox 854 349 950 412; x_wconf 82' lang='lat' dir='ltr'>rer-ti</span> <span class='ocrx_word' id='word_1_13' title='bbox 968 352 1043 411; x_wconf 91' lang='lat' dir='ltr'>tione</span> <span class='ocrx_word' id='word_1_14' title='bbox 1056 369 1104 411; x_wconf 87' lang='lat' dir='ltr'>sua</span> <span class='ocrx_word' id='word_1_15' title='bbox 1122 366 1150 412; x_wconf 89' lang='lat' dir='ltr'>et</span> <span class='ocrx_word' id='word_1_16' title='bbox 1166 356 1201 411; x_wconf 88' lang='lat' dir='ltr'>ab</span> <span class='ocrx_word' id='word_1_17' title='bbox 1213 354 1362 427; x_wconf 92' lang='lat' dir='ltr'>opprobrio</span> <span class='ocrx_word' id='word_1_18' title='bbox 1379 368 1472 411; x_wconf 86' lang='lat' dir='ltr'>coram</span> <span class='ocrx_word' id='word_1_19' title='bbox 1489 353 1619 412; x_wconf 89' lang='lat' dir='ltr'>Domino.</span> <span class='ocrx_word' id='word_1_20' title='bbox 1635 354 1764 430; x_wconf 75' lang='lat' dir='ltr'><strong>Quodque</strong></span> 
     </span>
     <span class='ocr_line' id='line_1_3' title="bbox 123 444 1764 524; baseline 0 -17"><span class='ocrx_word' id='word_1_21' title='bbox 123 453 211 509; x_wconf 82' lang='lat' dir='ltr'>siculo</span> <span class='ocrx_word' id='word_1_22' title='bbox 226 451 378 524; x_wconf 86' lang='lat' dir='ltr'>copulatur,</span> <span class='ocrx_word' id='word_1_23' title='bbox 394 460 425 506; x_wconf 92' lang='lat' dir='ltr'>ut</span> <span class='ocrx_word' id='word_1_24' title='bbox 440 450 476 507; x_wconf 92' lang='lat' dir='ltr'>sit</span> <span class='ocrx_word' id='word_1_25' title='bbox 500 465 599 506; x_wconf 90' lang='lat' dir='ltr'>seusus</span> <span class='ocrx_word' id='word_1_26' title='bbox 615 464 623 502; x_wconf 71' lang='grc' dir='ltr'><em>τ</em></span> <span class='ocrx_word' id='word_1_27' title='bbox 643 445 793 503; x_wconf 80' lang='lat' dir='ltr'>Potuerunt</span> <span class='ocrx_word' id='word_1_28' title='bbox 809 460 868 500; x_wconf 85' lang='lat' dir='ltr'>corn</span> <span class='ocrx_word' id='word_1_29' title='bbox 886 444 914 498; x_wconf 86' lang='lat' dir='ltr'>itt</span> <span class='ocrx_word' id='word_1_30' title='bbox 968 446 1060 515; x_wconf 80' lang='lat' dir='ltr'>infert,</span> <span class='ocrx_word' id='word_1_31' title='bbox 1087 449 1228 502; x_wconf 83' lang='lat' dir='ltr'>aduersum</span> <span class='ocrx_word' id='word_1_32' title='bbox 1243 463 1332 503; x_wconf 81' lang='lat' dir='ltr'>omnes</span> <span class='ocrx_word' id='word_1_33' title='bbox 1343 448 1443 504; x_wconf 80' lang='lat' dir='ltr'>ricinos</span> <span class='ocrx_word' id='word_1_34' title='bbox 1457 450 1679 518; x_wconf 69' lang='lat' dir='ltr'>meorumnam,</span> <span class='ocrx_word' id='word_1_35' title='bbox 1690 450 1764 519; x_wconf 80' lang='lat' dir='ltr'>iuxta</span> 
     </span>
     <span class='ocr_line' id='line_1_4' title="bbox 124 537 1764 611; baseline -0.001 -11"><span class='ocrx_word' id='word_1_36' title='bbox 124 547 401 611; x_wconf 71' lang='lat' dir='ltr'>dissipationemboc</span> <span class='ocrx_word' id='word_1_37' title='bbox 430 554 471 601; x_wconf 89' lang='lat' dir='ltr'>cst</span> <span class='ocrx_word' id='word_1_38' title='bbox 488 543 675 598; x_wconf 80' lang='lat' dir='ltr'>hereditatem</span> <span class='ocrx_word' id='word_1_39' title='bbox 688 557 774 597; x_wconf 90' lang='lat' dir='ltr'>meam</span> <span class='ocrx_word' id='word_1_40' title='bbox 798 557 806 595; x_wconf 89' lang='lat'>:</span> <span class='ocrx_word' id='word_1_41' title='bbox 835 537 918 593; x_wconf 80' lang='lat' dir='ltr'>ttrtt-</span> <span class='ocrx_word' id='word_1_42' title='bbox 967 541 1193 604; x_wconf 77' lang='lat' dir='ltr'>litteramvieioi</span> <span class='ocrx_word' id='word_1_43' title='bbox 1212 540 1420 596; x_wconf 82' lang='lat' dir='ltr'>Terrresanetas</span> <span class='ocrx_word' id='word_1_44' title='bbox 1443 539 1649 607; x_wconf 76' lang='lat' dir='ltr'>idumaeisunt,</span> <span class='ocrx_word' id='word_1_45' title='bbox 1681 540 1764 600; x_wconf 71' lang='lat' dir='ltr'>enitt-</span> 
     </span>
    </p>
   </div>
   <div class='ocr_carea' id='block_1_3' title="bbox 124 624 920 1983">
    <p class='ocr_par' dir='ltr' id='par_1_3' title="bbox 124 624 920 1983">
     <span class='ocr_line' id='line_1_5' title="bbox 125 624 917 705; baseline -0.013 -14"><span class='ocrx_word' id='word_1_46' title='bbox 125 653 176 705; x_wconf 84' lang='lat' dir='ltr'>que</span> <span class='ocrx_word' id='word_1_47' title='bbox 193 652 272 702; x_wconf 81' lang='lat' dir='ltr'>super</span> <span class='ocrx_word' id='word_1_48' title='bbox 295 651 346 699; x_wconf 86' lang='lat' dir='ltr'>me,</span> <span class='ocrx_word' id='word_1_49' title='bbox 365 648 426 690; x_wconf 90' lang='lat' dir='ltr'>mco</span> <span class='ocrx_word' id='word_1_50' title='bbox 454 633 556 688; x_wconf 82' lang='lat' dir='ltr'>auxilio</span> <span class='ocrx_word' id='word_1_51' title='bbox 586 631 725 687; x_wconf 90' lang='lat' dir='ltr'>destituta.</span> <span class='ocrx_word' id='word_1_52' title='bbox 740 627 821 685; x_wconf 72' lang='lat' dir='ltr'>iuria</span> <span class='ocrx_word' id='word_1_53' title='bbox 845 624 917 682; x_wconf 83' lang='lat' dir='ltr'>txtt</span> 
     </span>
     <span class='ocr_line' id='line_1_6' title="bbox 126 719 918 798; baseline -0.015 -13"><span class='ocrx_word' id='word_1_54' title='bbox 126 743 190 785; x_wconf 86' lang='lat' dir='ltr'>rcro</span> <span class='ocrx_word' id='word_1_55' title='bbox 208 728 328 798; x_wconf 90' lang='lat' dir='ltr'>loquitur</span> <span class='ocrx_word' id='word_1_56' title='bbox 344 725 428 792; x_wconf 90' lang='lat' dir='ltr'>Dens,</span> <span class='ocrx_word' id='word_1_57' title='bbox 457 724 530 790; x_wconf 87' lang='lat' dir='ltr'>quod</span> <span class='ocrx_word' id='word_1_58' title='bbox 549 731 660 794; x_wconf 87' lang='lat' dir='ltr'>propter</span> <span class='ocrx_word' id='word_1_59' title='bbox 687 722 764 777; x_wconf 91' lang='lat' dir='ltr'>illum</span> <span class='ocrx_word' id='word_1_60' title='bbox 791 731 862 776; x_wconf 88' lang='lat' dir='ltr'>terra</span> <span class='ocrx_word' id='word_1_61' title='bbox 881 719 918 774; x_wconf 92' lang='lat' dir='ltr'>sit</span> 
     </span>
     <span class='ocr_line' id='line_1_7' title="bbox 126 812 918 889; baseline -0.013 -15"><span class='ocrx_word' id='word_1_62' title='bbox 126 820 253 889; x_wconf 86' lang='lat' dir='ltr'>dissipata</span> <span class='ocrx_word' id='word_1_63' title='bbox 266 827 294 872; x_wconf 89' lang='lat' dir='ltr'>et</span> <span class='ocrx_word' id='word_1_64' title='bbox 307 820 416 873; x_wconf 88' lang='lat' dir='ltr'>redacta</span> <span class='ocrx_word' id='word_1_65' title='bbox 439 818 466 870; x_wconf 92' lang='lat' dir='ltr'>in</span> <span class='ocrx_word' id='word_1_66' title='bbox 494 815 681 880; x_wconf 75' lang='lat' dir='ltr'>solitudinem,</span> <span class='ocrx_word' id='word_1_67' title='bbox 694 815 757 886; x_wconf 89' lang='lat' dir='ltr'>quia</span> <span class='ocrx_word' id='word_1_68' title='bbox 775 813 865 869; x_wconf 91' lang='lat' dir='ltr'>nullus</span> <span class='ocrx_word' id='word_1_69' title='bbox 882 812 918 868; x_wconf 87' lang='lat' dir='ltr'>sit</span> 
     </span>
     <span class='ocr_line' id='line_1_8' title="bbox 125 900 916 979; baseline -0.009 -17"><span class='ocrx_word' id='word_1_70' title='bbox 125 909 171 977; x_wconf 89' lang='lat' dir='ltr'>qui</span> <span class='ocrx_word' id='word_1_71' title='bbox 199 911 280 964; x_wconf 89' lang='lat' dir='ltr'>eorde</span> <span class='ocrx_word' id='word_1_72' title='bbox 306 909 447 979; x_wconf 75' lang='lat' dir='ltr'>recogitet,</span> <span class='ocrx_word' id='word_1_73' title='bbox 468 923 518 963; x_wconf 91' lang='lat' dir='ltr'>uec</span> <span class='ocrx_word' id='word_1_74' title='bbox 534 907 586 960; x_wconf 92' lang='lat' dir='ltr'>nlla</span> <span class='ocrx_word' id='word_1_75' title='bbox 605 921 657 976; x_wconf 82' lang='lat' dir='ltr'>pat</span> <span class='ocrx_word' id='word_1_76' title='bbox 673 906 807 960; x_wconf 78' lang='lat' dir='ltr'>uniuersae</span> <span class='ocrx_word' id='word_1_77' title='bbox 830 900 916 958; x_wconf 76' lang='lat' dir='ltr'>carati.</span> 
     </span>
     <span class='ocr_line' id='line_1_9' title="bbox 124 994 917 1071; baseline -0.01 -15"><span class='ocrx_word' id='word_1_78' title='bbox 124 999 237 1071; x_wconf 85' lang='lat' dir='ltr'>Ncque¹</span> <span class='ocrx_word' id='word_1_79' title='bbox 252 1002 324 1056; x_wconf 89' lang='lat' dir='ltr'>enim</span> <span class='ocrx_word' id='word_1_80' title='bbox 339 1016 432 1071; x_wconf 89' lang='lat' dir='ltr'>pacem</span> <span class='ocrx_word' id='word_1_81' title='bbox 453 999 498 1055; x_wconf 89' lang='lat' dir='ltr'>Dei</span> <span class='ocrx_word' id='word_1_82' title='bbox 523 1010 614 1070; x_wconf 90' lang='lat' dir='ltr'>potest</span> <span class='ocrx_word' id='word_1_83' title='bbox 627 999 757 1066; x_wconf 89' lang='lat' dir='ltr'>recipere.</span> <span class='ocrx_word' id='word_1_84' title='bbox 776 994 917 1067; x_wconf 71' lang='lat' dir='ltr'>Sapientia</span> 
     </span>
     <span class='ocr_line' id='line_1_10' title="bbox 126 1091 919 1165; baseline -0.005 -17"><span class='ocrx_word' id='word_1_85' title='bbox 126 1091 198 1148; x_wconf 80' lang='lat' dir='ltr'>cuitu</span> <span class='ocrx_word' id='word_1_86' title='bbox 214 1096 303 1149; x_wconf 84' lang='lat' dir='ltr'>curnis</span> <span class='ocrx_word' id='word_1_87' title='bbox 324 1094 408 1165; x_wconf 74' lang='lat'>929</span> <span class='ocrx_word' id='word_1_88' title='bbox 425 1095 533 1147; x_wconf 79' lang='lat' dir='ltr'>inioaicu</span> <span class='ocrx_word' id='word_1_89' title='bbox 547 1101 585 1147; x_wconf 90' lang='lat' dir='ltr'>est</span> <span class='ocrx_word' id='word_1_90' title='bbox 606 1091 678 1158; x_wconf 84' lang='lat' dir='ltr'>Deo;</span> <span class='ocrx_word' id='word_1_91' title='bbox 694 1091 776 1161; x_wconf 87' lang='lat' dir='ltr'>etqui</span> <span class='ocrx_word' id='word_1_92' title='bbox 797 1092 825 1144; x_wconf 88' lang='lat' dir='ltr'>iu</span> <span class='ocrx_word' id='word_1_93' title='bbox 839 1104 919 1144; x_wconf 82' lang='lat' dir='ltr'>cartre</span> 
     </span>
     <span class='ocr_line' id='line_1_11' title="bbox 126 1182 918 1256; baseline -0.003 -16"><span class='ocrx_word' id='word_1_94' title='bbox 126 1198 198 1251; x_wconf 79' lang='lat' dir='ltr'>suaet,</span> <span class='ocrx_word' id='word_1_95' title='bbox 228 1186 282 1240; x_wconf 91' lang='lat' dir='ltr'>Deo</span> <span class='ocrx_word' id='word_1_96' title='bbox 314 1188 419 1256; x_wconf 85' lang='lat' dir='ltr'>placere</span> <span class='ocrx_word' id='word_1_97' title='bbox 445 1202 496 1240; x_wconf 86' lang='lat' dir='ltr'>non</span> <span class='ocrx_word' id='word_1_98' title='bbox 521 1193 632 1254; x_wconf 76' lang='lat' dir='ltr'>possuntt</span> <span class='ocrx_word' id='word_1_99' title='bbox 650 1183 738 1254; x_wconf 78' lang='lat' dir='ltr'>(dom.</span> <span class='ocrx_word' id='word_1_100' title='bbox 752 1198 813 1249; x_wconf 89' lang='lat' dir='ltr'>vut,</span> <span class='ocrx_word' id='word_1_101' title='bbox 834 1182 861 1250; x_wconf 85' lang='lat'>7,</span> <span class='ocrx_word' id='word_1_102' title='bbox 879 1182 918 1251; x_wconf 83' lang='lat'>8).</span> 
     </span>
     <span class='ocr_line' id='line_1_12' title="bbox 126 1276 919 1346; baseline -0.003 -14"><span class='ocrx_word' id='word_1_103' title='bbox 126 1277 214 1333; x_wconf 88' lang='lat' dir='ltr'>Porro</span> <span class='ocrx_word' id='word_1_104' title='bbox 227 1282 302 1346; x_wconf 80' lang='lat' dir='ltr'>Juxta</span> <span class='ocrx_word' id='word_1_105' title='bbox 319 1278 493 1346; x_wconf 89' lang='lat' dir='ltr'>ilebraieum,</span> <span class='ocrx_word' id='word_1_106' title='bbox 510 1279 570 1334; x_wconf 92' lang='lat' dir='ltr'>ideo</span> <span class='ocrx_word' id='word_1_107' title='bbox 585 1276 688 1345; x_wconf 75' lang='lat' dir='ltr'>tronea,</span> <span class='ocrx_word' id='word_1_108' title='bbox 700 1278 788 1332; x_wconf 84' lang='lat' dir='ltr'>oannis</span> <span class='ocrx_word' id='word_1_109' title='bbox 813 1286 854 1332; x_wconf 89' lang='lat' dir='ltr'>est</span> <span class='ocrx_word' id='word_1_110' title='bbox 872 1277 919 1330; x_wconf 91' lang='lat' dir='ltr'>de·</span> 
     </span>
     <span class='ocr_line' id='line_1_13' title="bbox 128 1367 918 1441; baseline -0.006 -17"><span class='ocrx_word' id='word_1_111' title='bbox 128 1370 226 1436; x_wconf 87' lang='lat' dir='ltr'>solata,</span> <span class='ocrx_word' id='word_1_112' title='bbox 242 1371 307 1439; x_wconf 90' lang='lat' dir='ltr'>quia</span> <span class='ocrx_word' id='word_1_113' title='bbox 331 1370 422 1426; x_wconf 91' lang='lat' dir='ltr'>nullus</span> <span class='ocrx_word' id='word_1_114' title='bbox 436 1381 488 1438; x_wconf 85' lang='lat' dir='ltr'>cst,</span> <span class='ocrx_word' id='word_1_115' title='bbox 503 1371 549 1441; x_wconf 91' lang='lat' dir='ltr'>qni</span> <span class='ocrx_word' id='word_1_116' title='bbox 566 1372 648 1425; x_wconf 89' lang='lat' dir='ltr'>corde</span> <span class='ocrx_word' id='word_1_117' title='bbox 673 1368 803 1437; x_wconf 71' lang='lat' dir='ltr'>recogitet</span> <span class='ocrx_word' id='word_1_118' title='bbox 821 1367 918 1433; x_wconf 89' lang='lat' dir='ltr'>Deum,</span> 
     </span>
     <span class='ocr_line' id='line_1_14' title="bbox 129 1459 919 1534; baseline -0.009 -13"><span class='ocrx_word' id='word_1_119' title='bbox 129 1480 181 1521; x_wconf 90' lang='lat' dir='ltr'>nec</span> <span class='ocrx_word' id='word_1_120' title='bbox 201 1464 337 1525; x_wconf 89' lang='lat' dir='ltr'>residuus,</span> <span class='ocrx_word' id='word_1_121' title='bbox 355 1464 400 1534; x_wconf 92' lang='lat' dir='ltr'>qui</span> <span class='ocrx_word' id='word_1_122' title='bbox 424 1463 655 1533; x_wconf 48' lang='lat' dir='ltr'>possitqeradere.</span> <span class='ocrx_word' id='word_1_123' title='bbox 670 1459 722 1516; x_wconf 87' lang='lat' dir='ltr'>Per</span> <span class='ocrx_word' id='word_1_124' title='bbox 735 1475 831 1515; x_wconf 92' lang='lat' dir='ltr'>omnes</span> <span class='ocrx_word' id='word_1_125' title='bbox 847 1460 919 1514; x_wconf 88' lang='lat' dir='ltr'>etrim</span> 
     </span>
     <span class='ocr_line' id='line_1_15' title="bbox 129 1550 918 1618; baseline -0.006 -8"><span class='ocrx_word' id='word_1_126' title='bbox 129 1560 187 1612; x_wconf 87' lang='lat' dir='ltr'>rias</span> <span class='ocrx_word' id='word_1_127' title='bbox 213 1556 370 1611; x_wconf 74' lang='lat' dir='ltr'>solitudinis</span> <span class='ocrx_word' id='word_1_128' title='bbox 401 1565 533 1609; x_wconf 83' lang='lat' dir='ltr'>uenerunt</span> <span class='ocrx_word' id='word_1_129' title='bbox 560 1563 721 1618; x_wconf 74' lang='lat' dir='ltr'>vastatores,</span> <span class='ocrx_word' id='word_1_130' title='bbox 740 1553 765 1607; x_wconf 92' lang='lat' dir='ltr'>id</span> <span class='ocrx_word' id='word_1_131' title='bbox 787 1560 840 1616; x_wconf 90' lang='lat' dir='ltr'>cst,</span> <span class='ocrx_word' id='word_1_132' title='bbox 871 1550 918 1606; x_wconf 89' lang='lat' dir='ltr'>bo·</span> 
     </span>
     <span class='ocr_line' id='line_1_16' title="bbox 128 1644 920 1718; baseline -0.009 -15"><span class='ocrx_word' id='word_1_133' title='bbox 128 1649 201 1706; x_wconf 86' lang='lat' dir='ltr'>stilis</span> <span class='ocrx_word' id='word_1_134' title='bbox 227 1649 374 1713; x_wconf 82' lang='lat' dir='ltr'>exercitus,</span> <span class='ocrx_word' id='word_1_135' title='bbox 393 1659 420 1703; x_wconf 87' lang='lat' dir='ltr'>et</span> <span class='ocrx_word' id='word_1_136' title='bbox 432 1648 538 1718; x_wconf 84' lang='lat' dir='ltr'>gladius</span> <span class='ocrx_word' id='word_1_137' title='bbox 557 1645 663 1700; x_wconf 90' lang='lat' dir='ltr'>Domini</span> <span class='ocrx_word' id='word_1_138' title='bbox 681 1644 850 1700; x_wconf 84' lang='lat' dir='ltr'>derorarita</span> <span class='ocrx_word' id='word_1_139' title='bbox 867 1655 920 1697; x_wconf 89' lang='lat' dir='ltr'>ter-</span> 
     </span>
     <span class='ocr_line' id='line_1_17' title="bbox 129 1734 920 1808; baseline -0.008 -12"><span class='ocrx_word' id='word_1_140' title='bbox 129 1744 203 1796; x_wconf 87' lang='lat' dir='ltr'>mino</span> <span class='ocrx_word' id='word_1_141' title='bbox 222 1755 309 1808; x_wconf 83' lang='lat' dir='ltr'>usqne</span> <span class='ocrx_word' id='word_1_142' title='bbox 330 1741 363 1793; x_wconf 89' lang='lat' dir='ltr'>ad</span> <span class='ocrx_word' id='word_1_143' title='bbox 379 1738 544 1801; x_wconf 87' lang='lat' dir='ltr'>terminum;</span> <span class='ocrx_word' id='word_1_144' title='bbox 566 1754 616 1794; x_wconf 91' lang='lat' dir='ltr'>nec</span> <span class='ocrx_word' id='word_1_145' title='bbox 634 1738 742 1807; x_wconf 83' lang='lat' dir='ltr'>requies</span> <span class='ocrx_word' id='word_1_146' title='bbox 756 1736 808 1791; x_wconf 90' lang='lat' dir='ltr'>ulla</span> <span class='ocrx_word' id='word_1_147' title='bbox 825 1734 873 1789; x_wconf 89' lang='lat' dir='ltr'>luit</span> <span class='ocrx_word' id='word_1_148' title='bbox 887 1735 920 1790; x_wconf 89' lang='lat' dir='ltr'>de</span> 
     </span>
     <span class='ocr_line' id='line_1_18' title="bbox 129 1829 918 1904; baseline -0.008 -15"><span class='ocrx_word' id='word_1_149' title='bbox 129 1837 197 1889; x_wconf 91' lang='lat' dir='ltr'>urbe</span> <span class='ocrx_word' id='word_1_150' title='bbox 214 1834 392 1904; x_wconf 81' lang='lat' dir='ltr'>largientibus.</span> <span class='ocrx_word' id='word_1_151' title='bbox 418 1832 497 1890; x_wconf 82' lang='lat' dir='ltr'>Darde</span> <span class='ocrx_word' id='word_1_152' title='bbox 518 1833 640 1887; x_wconf 78' lang='lat' dir='ltr'>dicitur:</span> <span class='ocrx_word' id='word_1_153' title='bbox 658 1830 720 1886; x_wconf 81' lang='lat' dir='ltr'>Non</span> <span class='ocrx_word' id='word_1_154' title='bbox 737 1841 775 1886; x_wconf 84' lang='lat' dir='ltr'>est</span> <span class='ocrx_word' id='word_1_155' title='bbox 791 1846 844 1901; x_wconf 78' lang='lat' dir='ltr'>pou</span> <span class='ocrx_word' id='word_1_156' title='bbox 859 1829 918 1884; x_wconf 84' lang='lat' dir='ltr'>uni·</span> 
     </span>
     <span class='ocr_line' id='line_1_19' title="bbox 128 1929 308 1983; baseline -0.011 0"><span class='ocrx_word' id='word_1_157' title='bbox 128 1944 209 1983; x_wconf 78' lang='lat' dir='ltr'>uerae</span> <span class='ocrx_word' id='word_1_158' title='bbox 224 1929 308 1982; x_wconf 83' lang='lat' dir='ltr'>cnrttt&#39;.</span> 
     </span>
    </p>
   </div>
   <div class='ocr_carea' id='block_1_4' title="bbox 164 2064 978 2139">
    <p class='ocr_par' dir='ltr' id='par_1_4' title="bbox 164 2064 978 2139">
     <span class='ocr_line' id='line_1_20' title="bbox 164 2064 978 2139; baseline -0.002 -16"><span class='ocrx_word' id='word_1_159' title='bbox 164 2070 253 2139; x_wconf 82' lang='lat' dir='ltr'>(Vere.</span> <span class='ocrx_word' id='word_1_160' title='bbox 279 2069 335 2138; x_wconf 77' lang='grc'><strong>15.)</strong></span> <span class='ocrx_word' id='word_1_161' title='bbox 364 2086 373 2121; x_wconf 90' lang='grc' dir='ltr'>ι</span> <span class='ocrx_word' id='word_1_162' title='bbox 398 2068 609 2124; x_wconf 87' lang='lat' dir='ltr'>Serninauerunt</span> <span class='ocrx_word' id='word_1_163' title='bbox 632 2066 761 2132; x_wconf 88' lang='lat' dir='ltr'>triticum,</span> <span class='ocrx_word' id='word_1_164' title='bbox 776 2072 804 2120; x_wconf 88' lang='lat' dir='ltr'>et</span> <span class='ocrx_word' id='word_1_165' title='bbox 827 2064 919 2134; x_wconf 87' lang='lat' dir='ltr'>spinas</span> <span class='ocrx_word' id='word_1_166' title='bbox 971 2111 978 2126; x_wconf 91' lang='lat'>.</span> 
     </span>
    </p>
   </div>
   <div class='ocr_carea' id='block_1_5' title="bbox 128 2159 922 3798">
    <p class='ocr_par' dir='ltr' id='par_1_5' title="bbox 128 2159 922 3798">
     <span class='ocr_line' id='line_1_21' title="bbox 128 2159 920 2228; baseline -0.005 -12"><span class='ocrx_word' id='word_1_167' title='bbox 128 2171 304 2216; x_wconf 88' lang='lat' dir='ltr'>rnessnerunt</span> <span class='ocrx_word' id='word_1_168' title='bbox 323 2179 330 2216; x_wconf 77' lang='grc' dir='ltr'>ι</span> <span class='ocrx_word' id='word_1_169' title='bbox 347 2161 536 2216; x_wconf 83' lang='lat' dir='ltr'>ltnreditatem</span> <span class='ocrx_word' id='word_1_170' title='bbox 555 2167 731 2228; x_wconf 86' lang='lat' dir='ltr'>acceperant,</span> <span class='ocrx_word' id='word_1_171' title='bbox 747 2165 773 2212; x_wconf 91' lang='lat' dir='ltr'>et</span> <span class='ocrx_word' id='word_1_172' title='bbox 800 2172 853 2211; x_wconf 81' lang='lat' dir='ltr'>tion</span> <span class='ocrx_word' id='word_1_173' title='bbox 880 2159 920 2212; x_wconf 87' lang='lat' dir='ltr'>cis</span> 
     </span>
     <span class='ocr_line' id='line_1_22' title="bbox 128 2248 920 2324; baseline -0.005 -18"><span class='ocrx_word' id='word_1_174' title='bbox 128 2254 260 2324; x_wconf 86' lang='lat' dir='ltr'>proderit.</span> <span class='ocrx_word' id='word_1_175' title='bbox 282 2270 291 2305; x_wconf 89' lang='grc' dir='ltr'>ι</span> <span class='ocrx_word' id='word_1_176' title='bbox 311 2250 406 2306; x_wconf 76' lang='lat' dir='ltr'>Lxx:</span> <span class='ocrx_word' id='word_1_177' title='bbox 429 2268 439 2302; x_wconf 94' lang='grc' dir='ltr'>ι</span> <span class='ocrx_word' id='word_1_178' title='bbox 458 2249 619 2305; x_wconf 86' lang='lat' dir='ltr'>Sentioostis</span> <span class='ocrx_word' id='word_1_179' title='bbox 648 2249 777 2316; x_wconf 88' lang='lat' dir='ltr'>triticum,</span> <span class='ocrx_word' id='word_1_180' title='bbox 789 2259 817 2304; x_wconf 87' lang='lat' dir='ltr'>et</span> <span class='ocrx_word' id='word_1_181' title='bbox 828 2248 920 2318; x_wconf 82' lang='lat' dir='ltr'>spinas</span> 
     </span>
     <span class='ocr_line' id='line_1_23' title="bbox 129 2340 920 2411; baseline -0.003 -13"><span class='ocrx_word' id='word_1_182' title='bbox 129 2343 282 2398; x_wconf 81' lang='lat' dir='ltr'>messuistis</span> <span class='ocrx_word' id='word_1_183' title='bbox 298 2361 305 2397; x_wconf 79' lang='lat' dir='ltr'>a</span> <span class='ocrx_word' id='word_1_184' title='bbox 321 2344 387 2398; x_wconf 89' lang='lat' dir='ltr'>cleri</span> <span class='ocrx_word' id='word_1_185' title='bbox 405 2357 497 2398; x_wconf 91' lang='lat' dir='ltr'>eorum</span> <span class='ocrx_word' id='word_1_186' title='bbox 528 2357 581 2396; x_wconf 93' lang='lat' dir='ltr'>non</span> <span class='ocrx_word' id='word_1_187' title='bbox 608 2341 840 2411; x_wconf 71' lang='lat' dir='ltr'>moderantem.»</span> <span class='ocrx_word' id='word_1_188' title='bbox 866 2340 920 2396; x_wconf 85' lang='lat' dir='ltr'>ile·</span> 
     </span>
     <span class='ocr_line' id='line_1_24' title="bbox 129 2434 918 2507; baseline -0.004 -18"><span class='ocrx_word' id='word_1_189' title='bbox 129 2434 209 2502; x_wconf 86' lang='lat' dir='ltr'>liora,</span> <span class='ocrx_word' id='word_1_190' title='bbox 225 2435 322 2505; x_wconf 90' lang='lat' dir='ltr'>inquit,</span> <span class='ocrx_word' id='word_1_191' title='bbox 337 2434 574 2507; x_wconf 82' lang='lat' dir='ltr'>exspectaremus,</span> <span class='ocrx_word' id='word_1_192' title='bbox 588 2444 616 2490; x_wconf 90' lang='lat' dir='ltr'>et</span> <span class='ocrx_word' id='word_1_193' title='bbox 631 2445 765 2490; x_wconf 79' lang='lat' dir='ltr'>uerterunt</span> <span class='ocrx_word' id='word_1_194' title='bbox 777 2434 894 2505; x_wconf 87' lang='lat' dir='ltr'>pessima</span> <span class='ocrx_word' id='word_1_195' title='bbox 910 2453 918 2486; x_wconf 84' lang='lat' dir='ltr'>a</span> 
     </span>
     <span class='ocr_line' id='line_1_25' title="bbox 132 2527 921 2598; baseline 0.001 -18"><span class='ocrx_word' id='word_1_196' title='bbox 132 2527 279 2595; x_wconf 86' lang='lat' dir='ltr'>sperabant</span> <span class='ocrx_word' id='word_1_197' title='bbox 294 2528 595 2597; x_wconf 86' lang='lat' dir='ltr'>prospern,etadversa</span> <span class='ocrx_word' id='word_1_198' title='bbox 605 2528 726 2598; x_wconf 80' lang='lat' dir='ltr'>perpessi</span> <span class='ocrx_word' id='word_1_199' title='bbox 738 2535 802 2582; x_wconf 91' lang='lat' dir='ltr'>sunt</span> <span class='ocrx_word' id='word_1_200' title='bbox 819 2544 826 2581; x_wconf 91' lang='lat'><strong>:</strong></span> <span class='ocrx_word' id='word_1_201' title='bbox 842 2541 921 2581; x_wconf 87' lang='lat' dir='ltr'>aece-</span> 
     </span>
     <span class='ocr_line' id='line_1_26' title="bbox 130 2621 920 2691; baseline -0.001 -15"><span class='ocrx_word' id='word_1_202' title='bbox 130 2631 231 2690; x_wconf 85' lang='lat' dir='ltr'>perunt</span> <span class='ocrx_word' id='word_1_203' title='bbox 247 2638 259 2674; x_wconf 92' lang='lat' dir='ltr'>a</span> <span class='ocrx_word' id='word_1_204' title='bbox 278 2621 392 2677; x_wconf 91' lang='lat' dir='ltr'>Domino</span> <span class='ocrx_word' id='word_1_205' title='bbox 402 2637 495 2677; x_wconf 79' lang='lat' dir='ltr'>return</span> <span class='ocrx_word' id='word_1_206' title='bbox 507 2625 627 2676; x_wconf 90' lang='lat' dir='ltr'>omnium</span> <span class='ocrx_word' id='word_1_207' title='bbox 640 2621 920 2691; x_wconf 72' lang='lat' dir='ltr'>abundantiamque</span> 
     </span>
     <span class='ocr_line' id='line_1_27' title="bbox 129 2713 918 2785; baseline 0 -17"><span class='ocrx_word' id='word_1_208' title='bbox 129 2715 170 2768; x_wconf 89' lang='lat' dir='ltr'>eis</span> <span class='ocrx_word' id='word_1_209' title='bbox 182 2729 233 2769; x_wconf 86' lang='lat' dir='ltr'>arou</span> <span class='ocrx_word' id='word_1_210' title='bbox 246 2715 378 2782; x_wconf 88' lang='lat' dir='ltr'>proderit.</span> <span class='ocrx_word' id='word_1_211' title='bbox 391 2713 471 2769; x_wconf 74' lang='lat' dir='ltr'>tutta</span> <span class='ocrx_word' id='word_1_212' title='bbox 485 2713 662 2785; x_wconf 71' lang='lat' dir='ltr'>Septuaginta</span> <span class='ocrx_word' id='word_1_213' title='bbox 673 2729 745 2781; x_wconf 82' lang='lat' dir='ltr'>vero,</span> <span class='ocrx_word' id='word_1_214' title='bbox 759 2715 918 2768; x_wconf 77' lang='lat' dir='ltr'>omnesbe·</span> 
     </span>
     <span class='ocr_line' id='line_1_28' title="bbox 128 2807 916 2876; baseline -0.001 -16"><span class='ocrx_word' id='word_1_215' title='bbox 128 2807 207 2862; x_wconf 87' lang='lat' dir='ltr'>retici</span> <span class='ocrx_word' id='word_1_216' title='bbox 230 2807 308 2876; x_wconf 87' lang='lat' dir='ltr'>quasi</span> <span class='ocrx_word' id='word_1_217' title='bbox 331 2808 451 2862; x_wconf 88' lang='lat' dir='ltr'>triticum</span> <span class='ocrx_word' id='word_1_218' title='bbox 468 2810 614 2874; x_wconf 89' lang='lat' dir='ltr'>seminant,</span> <span class='ocrx_word' id='word_1_219' title='bbox 628 2816 656 2863; x_wconf 90' lang='lat' dir='ltr'>et</span> <span class='ocrx_word' id='word_1_220' title='bbox 682 2807 775 2876; x_wconf 86' lang='lat' dir='ltr'>spinas</span> <span class='ocrx_word' id='word_1_221' title='bbox 802 2815 916 2872; x_wconf 83' lang='lat' dir='ltr'>metum,</span> 
     </span>
     <span class='ocr_line' id='line_1_29' title="bbox 128 2897 919 2967; baseline 0 -14"><span class='ocrx_word' id='word_1_222' title='bbox 128 2907 307 2966; x_wconf 72' lang='lat' dir='ltr'>exspectante</span> <span class='ocrx_word' id='word_1_223' title='bbox 332 2898 505 2962; x_wconf 68' lang='lat' dir='ltr'>Demittunt</span> <span class='ocrx_word' id='word_1_224' title='bbox 532 2898 653 2954; x_wconf 89' lang='lat' dir='ltr'>lacerent</span> <span class='ocrx_word' id='word_1_225' title='bbox 677 2897 808 2967; x_wconf 78' lang='lat' dir='ltr'>fructum,</span> <span class='ocrx_word' id='word_1_226' title='bbox 825 2908 852 2954; x_wconf 89' lang='lat' dir='ltr'>et</span> <span class='ocrx_word' id='word_1_227' title='bbox 867 2915 919 2953; x_wconf 78' lang='grc' dir='ltr'>ιιιιιι</span> 
     </span>
     <span class='ocr_line' id='line_1_30' title="bbox 129 2985 918 3055; baseline 0.004 -15"><span class='ocrx_word' id='word_1_228' title='bbox 129 2985 253 3040; x_wconf 74' lang='lat' dir='ltr'>imeruut</span> <span class='ocrx_word' id='word_1_229' title='bbox 273 2985 480 3055; x_wconf 87' lang='lat' dir='ltr'>jaaiieium,sed</span> <span class='ocrx_word' id='word_1_230' title='bbox 508 2989 666 3042; x_wconf 90' lang='lat' dir='ltr'>clamorem.</span> <span class='ocrx_word' id='word_1_231' title='bbox 694 2985 799 3043; x_wconf 81' lang='lat' dir='ltr'>Dicitur</span> <span class='ocrx_word' id='word_1_232' title='bbox 828 2997 918 3043; x_wconf 88' lang='lat' dir='ltr'>autern</span> 
     </span>
     <span class='ocr_line' id='line_1_31' title="bbox 129 3076 921 3147; baseline 0.001 -15"><span class='ocrx_word' id='word_1_233' title='bbox 129 3078 183 3132; x_wconf 92' lang='lat' dir='ltr'>boc</span> <span class='ocrx_word' id='word_1_234' title='bbox 209 3083 236 3131; x_wconf 89' lang='lat' dir='ltr'>ct</span> <span class='ocrx_word' id='word_1_235' title='bbox 258 3076 455 3132; x_wconf 76' lang='lat' dir='ltr'>ecciesiasticis</span> <span class='ocrx_word' id='word_1_236' title='bbox 470 3118 477 3144; x_wconf 95' lang='lat'>,</span> <span class='ocrx_word' id='word_1_237' title='bbox 494 3078 540 3147; x_wconf 90' lang='lat' dir='ltr'>qui</span> <span class='ocrx_word' id='word_1_238' title='bbox 554 3078 636 3134; x_wconf 85' lang='lat' dir='ltr'>verba</span> <span class='ocrx_word' id='word_1_239' title='bbox 654 3078 760 3134; x_wconf 85' lang='lat' dir='ltr'>Domini</span> <span class='ocrx_word' id='word_1_240' title='bbox 776 3088 803 3135; x_wconf 92' lang='lat' dir='ltr'>et</span> <span class='ocrx_word' id='word_1_241' title='bbox 819 3080 921 3135; x_wconf 89' lang='lat' dir='ltr'>doctri·</span> 
     </span>
     <span class='ocr_line' id='line_1_32' title="bbox 130 3168 922 3243; baseline 0.005 -19"><span class='ocrx_word' id='word_1_242' title='bbox 130 3184 193 3224; x_wconf 86' lang='lat' dir='ltr'>nana</span> <span class='ocrx_word' id='word_1_243' title='bbox 212 3174 271 3238; x_wconf 88' lang='lat' dir='ltr'>ejus</span> <span class='ocrx_word' id='word_1_244' title='bbox 284 3168 354 3221; x_wconf 87' lang='lat' dir='ltr'>atala</span> <span class='ocrx_word' id='word_1_245' title='bbox 372 3171 580 3226; x_wconf 79' lang='lat' dir='ltr'>conuersatione</span> <span class='ocrx_word' id='word_1_246' title='bbox 593 3171 761 3241; x_wconf 86' lang='lat' dir='ltr'>disperdunt.</span> <span class='ocrx_word' id='word_1_247' title='bbox 776 3172 813 3227; x_wconf 92' lang='lat' dir='ltr'>De</span> <span class='ocrx_word' id='word_1_248' title='bbox 823 3172 922 3243; x_wconf 90' lang='lat' dir='ltr'>quibas</span> 
     </span>
     <span class='ocr_line' id='line_1_33' title="bbox 131 3261 920 3334; baseline 0.008 -19"><span class='ocrx_word' id='word_1_249' title='bbox 131 3261 249 3316; x_wconf 90' lang='lat' dir='ltr'>inlertur</span> <span class='ocrx_word' id='word_1_250' title='bbox 267 3280 274 3319; x_wconf 90' lang='lat'>:</span> <span class='ocrx_word' id='word_1_251' title='bbox 292 3261 363 3318; x_wconf 84' lang='lat' dir='ltr'>Cleri</span> <span class='ocrx_word' id='word_1_252' title='bbox 373 3280 462 3317; x_wconf 83' lang='lat' dir='ltr'>eoram</span> <span class='ocrx_word' id='word_1_253' title='bbox 473 3281 525 3319; x_wconf 86' lang='lat' dir='ltr'>aon</span> <span class='ocrx_word' id='word_1_254' title='bbox 541 3266 687 3334; x_wconf 84' lang='lat' dir='ltr'>proderunt</span> <span class='ocrx_word' id='word_1_255' title='bbox 703 3267 750 3321; x_wconf 83' lang='lat' dir='ltr'>eis.</span> <span class='ocrx_word' id='word_1_256' title='bbox 765 3264 834 3331; x_wconf 84' lang='lat' dir='ltr'>Quid</span> <span class='ocrx_word' id='word_1_257' title='bbox 848 3268 920 3321; x_wconf 91' lang='lat' dir='ltr'>enim</span> 
     </span>
     <span class='ocr_line' id='line_1_34' title="bbox 131 3356 921 3430; baseline 0.005 -23"><span class='ocrx_word' id='word_1_258' title='bbox 131 3369 179 3409; x_wconf 85' lang='lat' dir='ltr'>eos</span> <span class='ocrx_word' id='word_1_259' title='bbox 208 3356 305 3425; x_wconf 84' lang='lat' dir='ltr'>juvare</span> <span class='ocrx_word' id='word_1_260' title='bbox 334 3358 434 3424; x_wconf 89' lang='lat' dir='ltr'>poterit</span> <span class='ocrx_word' id='word_1_261' title='bbox 459 3357 577 3426; x_wconf 86' lang='lat' dir='ltr'>episcopi</span> <span class='ocrx_word' id='word_1_262' title='bbox 601 3373 700 3413; x_wconf 84' lang='lat' dir='ltr'>notraen</span> <span class='ocrx_word' id='word_1_263' title='bbox 715 3367 742 3413; x_wconf 88' lang='lat' dir='ltr'>et</span> <span class='ocrx_word' id='word_1_264' title='bbox 758 3359 921 3430; x_wconf 84' lang='lat' dir='ltr'>presbyteri,</span> 
     </span>
     <span class='ocr_line' id='line_1_35' title="bbox 130 3447 922 3520; baseline 0.009 -22"><span class='ocrx_word' id='word_1_265' title='bbox 130 3447 173 3502; x_wconf 84' lang='lat' dir='ltr'>vel</span> <span class='ocrx_word' id='word_1_266' title='bbox 199 3447 320 3516; x_wconf 89' lang='lat' dir='ltr'>reliquus</span> <span class='ocrx_word' id='word_1_267' title='bbox 337 3449 404 3503; x_wconf 90' lang='lat' dir='ltr'>ordo</span> <span class='ocrx_word' id='word_1_268' title='bbox 422 3448 637 3515; x_wconf 85' lang='lat' dir='ltr'>ecclesiasticus,</span> <span class='ocrx_word' id='word_1_269' title='bbox 662 3465 723 3504; x_wconf 92' lang='lat' dir='ltr'>cum</span> <span class='ocrx_word' id='word_1_270' title='bbox 750 3450 837 3520; x_wconf 84' lang='lat' dir='ltr'>magis</span> <span class='ocrx_word' id='word_1_271' title='bbox 861 3465 922 3520; x_wconf 83' lang='lat' dir='ltr'>gra·</span> 
     </span>
     <span class='ocr_line' id='line_1_36' title="bbox 130 3538 921 3612; baseline 0.004 -19"><span class='ocrx_word' id='word_1_272' title='bbox 130 3547 228 3593; x_wconf 84' lang='lat' dir='ltr'>uenttrr</span> <span class='ocrx_word' id='word_1_273' title='bbox 249 3538 429 3609; x_wconf 82' lang='lat' dir='ltr'>dignitatibus</span> <span class='ocrx_word' id='word_1_274' title='bbox 445 3541 513 3608; x_wconf 88' lang='lat' dir='ltr'>suis,</span> <span class='ocrx_word' id='word_1_275' title='bbox 527 3551 555 3597; x_wconf 91' lang='lat' dir='ltr'>et</span> <span class='ocrx_word' id='word_1_276' title='bbox 580 3549 706 3610; x_wconf 88' lang='lat' dir='ltr'>potentes</span> <span class='ocrx_word' id='word_1_277' title='bbox 719 3552 846 3612; x_wconf 87' lang='lat' dir='ltr'>potenter</span> <span class='ocrx_word' id='word_1_278' title='bbox 864 3550 921 3596; x_wconf 88' lang='lat' dir='ltr'>tur·</span> 
     </span>
     <span class='ocr_line' id='line_1_37' title="bbox 132 3633 922 3701; baseline 0.006 -15"><span class='ocrx_word' id='word_1_279' title='bbox 132 3639 221 3687; x_wconf 73' lang='lat' dir='ltr'>irretita</span> <span class='ocrx_word' id='word_1_280' title='bbox 237 3633 394 3700; x_wconf 71' lang='lat' dir='ltr'>patiantur:</span> <span class='ocrx_word' id='word_1_281' title='bbox 410 3642 436 3686; x_wconf 88' lang='lat' dir='ltr'>ct</span> <span class='ocrx_word' id='word_1_282' title='bbox 451 3643 552 3701; x_wconf 89' lang='lat' dir='ltr'>quanto</span> <span class='ocrx_word' id='word_1_283' title='bbox 569 3635 610 3688; x_wconf 90' lang='lat' dir='ltr'>eis</span> <span class='ocrx_word' id='word_1_284' title='bbox 621 3635 695 3701; x_wconf 68' lang='lat' dir='ltr'>splns</span> <span class='ocrx_word' id='word_1_285' title='bbox 711 3635 843 3690; x_wconf 86' lang='lat' dir='ltr'>creditum</span> <span class='ocrx_word' id='word_1_286' title='bbox 863 3635 922 3692; x_wconf 87' lang='lat' dir='ltr'>lne-</span> 
     </span>
     <span class='ocr_line' id='line_1_38' title="bbox 130 3722 794 3798; baseline 0.008 -23"><span class='ocrx_word' id='word_1_287' title='bbox 130 3722 176 3790; x_wconf 87' lang='lat' dir='ltr'>rit,</span> <span class='ocrx_word' id='word_1_288' title='bbox 194 3731 268 3777; x_wconf 86' lang='lat' dir='ltr'>toruo</span> <span class='ocrx_word' id='word_1_289' title='bbox 282 3723 342 3791; x_wconf 89' lang='lat' dir='ltr'>plns</span> <span class='ocrx_word' id='word_1_290' title='bbox 358 3724 511 3793; x_wconf 82' lang='lat' dir='ltr'>requiratur</span> <span class='ocrx_word' id='word_1_291' title='bbox 527 3726 560 3779; x_wconf 90' lang='lat' dir='ltr'>ab</span> <span class='ocrx_word' id='word_1_292' title='bbox 575 3727 614 3779; x_wconf 82' lang='lat' dir='ltr'>eis</span> <span class='ocrx_word' id='word_1_293' title='bbox 631 3724 708 3796; x_wconf 81' lang='lat' dir='ltr'>(Suo.</span> <span class='ocrx_word' id='word_1_294' title='bbox 728 3735 766 3798; x_wconf 81' lang='lat' dir='ltr'>ut)</span> <span class='ocrx_word' id='word_1_295' title='bbox 783 3727 794 3780; x_wconf 84' lang='lat'><strong>?</strong></span> 
     </span>
    </p>
   </div>
   <div class='ocr_carea' id='block_1_6' title="bbox 967 631 1768 1722">
    <p class='ocr_par' dir='ltr' id='par_1_6' title="bbox 967 631 1768 1722">
     <span class='ocr_line' id='line_1_39' title="bbox 967 631 1764 704; baseline -0.001 -14"><span class='ocrx_word' id='word_1_296' title='bbox 967 632 1073 694; x_wconf 85' lang='lat' dir='ltr'>stltiim,</span> <span class='ocrx_word' id='word_1_297' title='bbox 1088 631 1178 696; x_wconf 82' lang='lat' dir='ltr'>iloab,</span> <span class='ocrx_word' id='word_1_298' title='bbox 1200 638 1230 687; x_wconf 90' lang='lat' dir='ltr'>et</span> <span class='ocrx_word' id='word_1_299' title='bbox 1243 634 1358 686; x_wconf 79' lang='lat' dir='ltr'>Ammon</span> <span class='ocrx_word' id='word_1_300' title='bbox 1373 649 1380 685; x_wconf 92' lang='lat'><strong>:</strong></span> <span class='ocrx_word' id='word_1_301' title='bbox 1402 632 1478 701; x_wconf 79' lang='lat' dir='ltr'>juxta</span> <span class='ocrx_word' id='word_1_302' title='bbox 1491 632 1673 703; x_wconf 64' lang='lat' dir='ltr'>tropologiam</span> <span class='ocrx_word' id='word_1_303' title='bbox 1691 647 1764 704; x_wconf 79' lang='lat' dir='ltr'>nero,</span> 
     </span>
     <span class='ocr_line' id='line_1_40' title="bbox 968 722 1764 792; baseline 0 -13"><span class='ocrx_word' id='word_1_304' title='bbox 968 739 1063 779; x_wconf 89' lang='lat' dir='ltr'>omnes</span> <span class='ocrx_word' id='word_1_305' title='bbox 1079 724 1211 789; x_wconf 80' lang='lat' dir='ltr'>heretici,</span> <span class='ocrx_word' id='word_1_306' title='bbox 1227 724 1273 792; x_wconf 90' lang='lat' dir='ltr'>qai</span> <span class='ocrx_word' id='word_1_307' title='bbox 1291 724 1342 779; x_wconf 92' lang='lat' dir='ltr'>snb</span> <span class='ocrx_word' id='word_1_308' title='bbox 1354 725 1466 779; x_wconf 90' lang='lat' dir='ltr'>nomine</span> <span class='ocrx_word' id='word_1_309' title='bbox 1483 722 1589 781; x_wconf 83' lang='lat' dir='ltr'>Christi</span> <span class='ocrx_word' id='word_1_310' title='bbox 1605 734 1764 791; x_wconf 80' lang='lat' dir='ltr'>censentur,</span> 
     </span>
     <span class='ocr_line' id='line_1_41' title="bbox 968 815 1765 884; baseline 0.005 -14"><span class='ocrx_word' id='word_1_311' title='bbox 968 825 996 870; x_wconf 93' lang='lat' dir='ltr'>et</span> <span class='ocrx_word' id='word_1_312' title='bbox 1022 815 1105 870; x_wconf 87' lang='lat' dir='ltr'>ticini</span> <span class='ocrx_word' id='word_1_313' title='bbox 1141 816 1227 884; x_wconf 73' lang='lat' dir='ltr'>caragis</span> <span class='ocrx_word' id='word_1_314' title='bbox 1260 825 1334 882; x_wconf 86' lang='lat' dir='ltr'>strui,</span> <span class='ocrx_word' id='word_1_315' title='bbox 1363 831 1443 883; x_wconf 87' lang='lat' dir='ltr'>quam</span> <span class='ocrx_word' id='word_1_316' title='bbox 1474 817 1644 873; x_wconf 83' lang='lat' dir='ltr'>habitatores</span> <span class='ocrx_word' id='word_1_317' title='bbox 1675 815 1765 874; x_wconf 77' lang='lat' dir='ltr'>nem</span> 
     </span>
     <span class='ocr_line' id='line_1_42' title="bbox 968 905 1766 975; baseline 0.005 -14"><span class='ocrx_word' id='word_1_318' title='bbox 968 915 1081 967; x_wconf 84' lang='lat' dir='ltr'>sanctae,</span> <span class='ocrx_word' id='word_1_319' title='bbox 1097 905 1144 975; x_wconf 90' lang='lat' dir='ltr'>qui</span> <span class='ocrx_word' id='word_1_320' title='bbox 1160 915 1274 975; x_wconf 75' lang='lat' dir='ltr'>tanqum</span> <span class='ocrx_word' id='word_1_321' title='bbox 1294 907 1480 962; x_wconf 80' lang='lat' dir='ltr'>ltereditatenr</span> <span class='ocrx_word' id='word_1_322' title='bbox 1493 907 1553 972; x_wconf 92' lang='lat' dir='ltr'>Dei,</span> <span class='ocrx_word' id='word_1_323' title='bbox 1567 920 1598 965; x_wconf 88' lang='lat' dir='ltr'>et</span> <span class='ocrx_word' id='word_1_324' title='bbox 1622 907 1766 965; x_wconf 76' lang='lat' dir='ltr'>demtum</span> 
     </span>
     <span class='ocr_line' id='line_1_43' title="bbox 969 998 1765 1068; baseline 0.008 -16"><span class='ocrx_word' id='word_1_325' title='bbox 969 1013 1027 1053; x_wconf 88' lang='lat' dir='ltr'>eam</span> <span class='ocrx_word' id='word_1_326' title='bbox 1047 1015 1055 1056; x_wconf 77' lang='lat' dir='ltr'>r</span> <span class='ocrx_word' id='word_1_327' title='bbox 1077 998 1235 1068; x_wconf 83' lang='lat' dir='ltr'>diciturque</span> <span class='ocrx_word' id='word_1_328' title='bbox 1250 999 1285 1055; x_wconf 87' lang='lat' dir='ltr'>de</span> <span class='ocrx_word' id='word_1_329' title='bbox 1307 1001 1348 1055; x_wconf 92' lang='lat' dir='ltr'>eis</span> <span class='ocrx_word' id='word_1_330' title='bbox 1361 1001 1432 1068; x_wconf 89' lang='lat' dir='ltr'>quod</span> <span class='ocrx_word' id='word_1_331' title='bbox 1448 999 1610 1057; x_wconf 82' lang='lat' dir='ltr'>atrlerautut·</span> <span class='ocrx_word' id='word_1_332' title='bbox 1624 1003 1660 1057; x_wconf 89' lang='lat' dir='ltr'>de</span> <span class='ocrx_word' id='word_1_333' title='bbox 1677 1001 1765 1059; x_wconf 79' lang='lat' dir='ltr'>medio</span> 
     </span>
     <span class='ocr_line' id='line_1_44' title="bbox 970 1090 1765 1159; baseline 0.01 -14"><span class='ocrx_word' id='word_1_334' title='bbox 970 1102 1069 1159; x_wconf 80' lang='lat' dir='ltr'>terrae3</span> <span class='ocrx_word' id='word_1_335' title='bbox 1095 1100 1123 1147; x_wconf 84' lang='lat' dir='ltr'>et</span> <span class='ocrx_word' id='word_1_336' title='bbox 1151 1093 1249 1147; x_wconf 90' lang='lat' dir='ltr'>domus</span> <span class='ocrx_word' id='word_1_337' title='bbox 1273 1090 1340 1148; x_wconf 79' lang='lat' dir='ltr'>larda</span> <span class='ocrx_word' id='word_1_338' title='bbox 1366 1093 1479 1148; x_wconf 91' lang='lat' dir='ltr'>tollatur</span> <span class='ocrx_word' id='word_1_339' title='bbox 1501 1094 1534 1148; x_wconf 87' lang='lat' dir='ltr'>de</span> <span class='ocrx_word' id='word_1_340' title='bbox 1550 1094 1643 1150; x_wconf 91' lang='lat' dir='ltr'>medio</span> <span class='ocrx_word' id='word_1_341' title='bbox 1658 1109 1765 1153; x_wconf 85' lang='lat' dir='ltr'>eornm.</span> 
     </span>
     <span class='ocr_line' id='line_1_45' title="bbox 969 1181 1765 1254; baseline 0.006 -19"><span class='ocrx_word' id='word_1_342' title='bbox 969 1181 1021 1248; x_wconf 84' lang='lat' dir='ltr'>Qui</span> <span class='ocrx_word' id='word_1_343' title='bbox 1055 1181 1138 1254; x_wconf 81' lang='grc'>930</span> <span class='ocrx_word' id='word_1_344' title='bbox 1153 1198 1214 1238; x_wconf 89' lang='lat' dir='ltr'>cum</span> <span class='ocrx_word' id='word_1_345' title='bbox 1231 1184 1316 1238; x_wconf 85' lang='lat' dir='ltr'>evulsi</span> <span class='ocrx_word' id='word_1_346' title='bbox 1334 1183 1447 1249; x_wconf 85' lang='lat' dir='ltr'>inerint,</span> <span class='ocrx_word' id='word_1_347' title='bbox 1465 1191 1492 1237; x_wconf 92' lang='lat' dir='ltr'>et</span> <span class='ocrx_word' id='word_1_348' title='bbox 1514 1184 1547 1238; x_wconf 84' lang='lat' dir='ltr'>tie</span> <span class='ocrx_word' id='word_1_349' title='bbox 1569 1184 1765 1241; x_wconf 82' lang='lat' dir='ltr'>baereticorum</span> 
     </span>
     <span class='ocr_line' id='line_1_46' title="bbox 969 1273 1765 1344; baseline 0.003 -15"><span class='ocrx_word' id='word_1_350' title='bbox 969 1273 1096 1331; x_wconf 79' lang='lat' dir='ltr'>lancibus</span> <span class='ocrx_word' id='word_1_351' title='bbox 1109 1275 1227 1340; x_wconf 87' lang='lat' dir='ltr'>liberati,</span> <span class='ocrx_word' id='word_1_352' title='bbox 1244 1282 1449 1344; x_wconf 88' lang='lat' dir='ltr'>consequentur</span> <span class='ocrx_word' id='word_1_353' title='bbox 1469 1273 1695 1330; x_wconf 84' lang='lat' dir='ltr'>miscricordiam</span> <span class='ocrx_word' id='word_1_354' title='bbox 1709 1275 1765 1343; x_wconf 82' lang='lat' dir='ltr'>Dei,</span> 
     </span>
     <span class='ocr_line' id='line_1_47' title="bbox 971 1368 1732 1427; baseline -0.003 -1"><span class='ocrx_word' id='word_1_355' title='bbox 971 1384 999 1427; x_wconf 89' lang='lat' dir='ltr'>et</span> <span class='ocrx_word' id='word_1_356' title='bbox 1011 1371 1176 1426; x_wconf 88' lang='lat' dir='ltr'>reducentur</span> <span class='ocrx_word' id='word_1_357' title='bbox 1188 1370 1215 1423; x_wconf 93' lang='lat' dir='ltr'>in</span> <span class='ocrx_word' id='word_1_358' title='bbox 1231 1369 1417 1424; x_wconf 77' lang='lat' dir='ltr'>hereditatem</span> <span class='ocrx_word' id='word_1_359' title='bbox 1430 1378 1458 1425; x_wconf 89' lang='lat' dir='ltr'>ct</span> <span class='ocrx_word' id='word_1_360' title='bbox 1472 1368 1500 1423; x_wconf 92' lang='lat' dir='ltr'>in</span> <span class='ocrx_word' id='word_1_361' title='bbox 1517 1378 1621 1424; x_wconf 84' lang='lat' dir='ltr'>terram</span> <span class='ocrx_word' id='word_1_362' title='bbox 1640 1383 1732 1424; x_wconf 80' lang='lat' dir='ltr'>strant.</span> 
     </span>
     <span class='ocr_line' id='line_1_48' title="bbox 1008 1459 1767 1534; baseline -0.004 -14"><span class='ocrx_word' id='word_1_363' title='bbox 1008 1464 1097 1534; x_wconf 81' lang='lat' dir='ltr'>(Vero.</span> <span class='ocrx_word' id='word_1_364' title='bbox 1118 1463 1161 1529; x_wconf 82' lang='grc'>16,</span> <span class='ocrx_word' id='word_1_365' title='bbox 1191 1463 1246 1532; x_wconf 82' lang='grc' dir='ltr'>Π.)</span> <span class='ocrx_word' id='word_1_366' title='bbox 1267 1479 1276 1512; x_wconf 90' lang='grc' dir='ltr'>ι</span> <span class='ocrx_word' id='word_1_367' title='bbox 1296 1461 1329 1515; x_wconf 81' lang='lat' dir='ltr'>Et</span> <span class='ocrx_word' id='word_1_368' title='bbox 1359 1462 1422 1527; x_wconf 88' lang='lat' dir='ltr'>erit,</span> <span class='ocrx_word' id='word_1_369' title='bbox 1448 1462 1471 1516; x_wconf 88' lang='lat' dir='ltr'>si</span> <span class='ocrx_word' id='word_1_370' title='bbox 1495 1460 1596 1515; x_wconf 90' lang='lat' dir='ltr'>cruditi</span> <span class='ocrx_word' id='word_1_371' title='bbox 1620 1459 1767 1517; x_wconf 87' lang='lat' dir='ltr'>didicerint</span> 
     </span>
     <span class='ocr_line' id='line_1_49' title="bbox 971 1557 1767 1631; baseline -0.006 -15"><span class='ocrx_word' id='word_1_372' title='bbox 971 1563 1031 1617; x_wconf 86' lang='lat' dir='ltr'>rias</span> <span class='ocrx_word' id='word_1_373' title='bbox 1058 1562 1149 1631; x_wconf 91' lang='lat' dir='ltr'>populi</span> <span class='ocrx_word' id='word_1_374' title='bbox 1178 1562 1242 1628; x_wconf 85' lang='lat' dir='ltr'>mei,</span> <span class='ocrx_word' id='word_1_375' title='bbox 1259 1571 1288 1617; x_wconf 93' lang='lat' dir='ltr'>nt</span> <span class='ocrx_word' id='word_1_376' title='bbox 1310 1561 1404 1630; x_wconf 78' lang='lat' dir='ltr'>iurent</span> <span class='ocrx_word' id='word_1_377' title='bbox 1427 1560 1454 1616; x_wconf 89' lang='lat' dir='ltr'>in</span> <span class='ocrx_word' id='word_1_378' title='bbox 1479 1561 1594 1616; x_wconf 91' lang='lat' dir='ltr'>nomine</span> <span class='ocrx_word' id='word_1_379' title='bbox 1609 1574 1684 1621; x_wconf 85' lang='lat' dir='ltr'>meo,</span> <span class='ocrx_word' id='word_1_380' title='bbox 1703 1557 1767 1612; x_wconf 77' lang='lat' dir='ltr'>risit</span> 
     </span>
     <span class='ocr_line' id='line_1_50' title="bbox 974 1643 1768 1722; baseline -0.008 -14"><span class='ocrx_word' id='word_1_381' title='bbox 974 1654 1106 1709; x_wconf 89' lang='lat' dir='ltr'>Dominus</span> <span class='ocrx_word' id='word_1_382' title='bbox 1131 1672 1138 1709; x_wconf 89' lang='lat'>:</span> <span class='ocrx_word' id='word_1_383' title='bbox 1156 1654 1228 1707; x_wconf 90' lang='lat' dir='ltr'>sieut</span> <span class='ocrx_word' id='word_1_384' title='bbox 1243 1655 1395 1708; x_wconf 80' lang='lat' dir='ltr'>‹loctternnt</span> <span class='ocrx_word' id='word_1_385' title='bbox 1413 1643 1548 1722; x_wconf 89' lang='lat' dir='ltr'>populum</span> <span class='ocrx_word' id='word_1_386' title='bbox 1569 1666 1661 1707; x_wconf 91' lang='lat' dir='ltr'>meum</span> <span class='ocrx_word' id='word_1_387' title='bbox 1674 1650 1768 1720; x_wconf 78' lang='lat' dir='ltr'>iurare</span> 
     </span>
    </p>
   </div>
   <div class='ocr_carea' id='block_1_7' title="bbox 938 1710 1766 1822">
    <p class='ocr_par' dir='ltr' id='par_1_7' title="bbox 938 1710 1766 1822">
     <span class='ocr_line' id='line_1_51' title="bbox 938 1710 1766 1822; baseline -0.011 -21"><span class='ocrx_word' id='word_1_388' title='bbox 938 1710 999 1822; x_wconf 57' lang='lat' dir='ltr'>Di„</span> <span class='ocrx_word' id='word_1_389' title='bbox 1015 1746 1090 1809; x_wconf 89' lang='lat' dir='ltr'>Baal,</span> <span class='ocrx_word' id='word_1_390' title='bbox 1104 1745 1313 1801; x_wconf 77' lang='lat' dir='ltr'>aedillcabuotur</span> <span class='ocrx_word' id='word_1_391' title='bbox 1340 1746 1365 1799; x_wconf 88' lang='lat' dir='ltr'>in</span> <span class='ocrx_word' id='word_1_392' title='bbox 1393 1745 1484 1802; x_wconf 89' lang='lat' dir='ltr'>medio</span> <span class='ocrx_word' id='word_1_393' title='bbox 1497 1744 1586 1814; x_wconf 89' lang='lat' dir='ltr'>popuii</span> <span class='ocrx_word' id='word_1_394' title='bbox 1606 1741 1674 1798; x_wconf 81' lang='lat' dir='ltr'>mel.</span> <span class='ocrx_word' id='word_1_395' title='bbox 1691 1740 1766 1809; x_wconf 81' lang='lat' dir='ltr'>Qtrod</span> 
     </span>
    </p>
   </div>
   <div class='ocr_carea' id='block_1_8' title="bbox 968 1833 1768 3019">
    <p class='ocr_par' dir='ltr' id='par_1_8' title="bbox 968 1833 1768 3019">
     <span class='ocr_line' id='line_1_52' title="bbox 971 1833 1767 1908; baseline -0.006 -16"><span class='ocrx_word' id='word_1_396' title='bbox 971 1838 994 1893; x_wconf 89' lang='lat' dir='ltr'>si</span> <span class='ocrx_word' id='word_1_397' title='bbox 1016 1853 1070 1892; x_wconf 91' lang='lat' dir='ltr'>noo</span> <span class='ocrx_word' id='word_1_398' title='bbox 1096 1838 1243 1902; x_wconf 89' lang='lat' dir='ltr'>audierint,</span> <span class='ocrx_word' id='word_1_399' title='bbox 1260 1836 1374 1892; x_wconf 82' lang='lat' dir='ltr'>evellam</span> <span class='ocrx_word' id='word_1_400' title='bbox 1390 1847 1499 1908; x_wconf 78' lang='lat' dir='ltr'>gentem</span> <span class='ocrx_word' id='word_1_401' title='bbox 1522 1835 1596 1890; x_wconf 88' lang='lat' dir='ltr'>illam</span> <span class='ocrx_word' id='word_1_402' title='bbox 1624 1833 1767 1890; x_wconf 78' lang='lat' dir='ltr'>evulsione</span> 
     </span>
     <span class='ocr_line' id='line_1_53' title="bbox 971 1927 1768 1998; baseline 0.001 -15"><span class='ocrx_word' id='word_1_403' title='bbox 971 1938 999 1983; x_wconf 88' lang='lat' dir='ltr'>et</span> <span class='ocrx_word' id='word_1_404' title='bbox 1013 1929 1175 1998; x_wconf 85' lang='lat' dir='ltr'>perditione,</span> <span class='ocrx_word' id='word_1_405' title='bbox 1194 1928 1260 1984; x_wconf 93' lang='lat' dir='ltr'>dicit</span> <span class='ocrx_word' id='word_1_406' title='bbox 1280 1930 1420 1984; x_wconf 86' lang='lat' dir='ltr'>Dominus.</span> <span class='ocrx_word' id='word_1_407' title='bbox 1445 1946 1455 1981; x_wconf 85' lang='grc' dir='ltr'>ι</span> <span class='ocrx_word' id='word_1_408' title='bbox 1477 1927 1504 1983; x_wconf 92' lang='lat' dir='ltr'>Si</span> <span class='ocrx_word' id='word_1_409' title='bbox 1522 1927 1647 1985; x_wconf 85' lang='lat' dir='ltr'>translati</span> <span class='ocrx_word' id='word_1_410' title='bbox 1666 1927 1700 1984; x_wconf 90' lang='lat' dir='ltr'>de</span> <span class='ocrx_word' id='word_1_411' title='bbox 1713 1928 1768 1984; x_wconf 67' lang='lat' dir='ltr'>bn·</span> 
     </span>
     <span class='ocr_line' id='line_1_54' title="bbox 972 2020 1765 2091; baseline 0.001 -15"><span class='ocrx_word' id='word_1_412' title='bbox 972 2021 1024 2076; x_wconf 85' lang='lat' dir='ltr'>resi</span> <span class='ocrx_word' id='word_1_413' title='bbox 1045 2021 1072 2076; x_wconf 91' lang='lat' dir='ltr'>in</span> <span class='ocrx_word' id='word_1_414' title='bbox 1090 2021 1251 2086; x_wconf 84' lang='lat' dir='ltr'>Ecclesiam,</span> <span class='ocrx_word' id='word_1_415' title='bbox 1279 2021 1430 2076; x_wconf 87' lang='lat' dir='ltr'>didicerint</span> <span class='ocrx_word' id='word_1_416' title='bbox 1454 2023 1512 2075; x_wconf 83' lang='lat' dir='ltr'>rias</span> <span class='ocrx_word' id='word_1_417' title='bbox 1539 2020 1632 2091; x_wconf 90' lang='lat' dir='ltr'>pupuli</span> <span class='ocrx_word' id='word_1_418' title='bbox 1663 2020 1765 2088; x_wconf 70' lang='lat' dir='ltr'>beten</span> 
     </span>
     <span class='ocr_line' id='line_1_55' title="bbox 968 2090 1766 2182; baseline 0.005 -15"><span class='ocrx_word' id='word_1_419' title='bbox 968 2113 1122 2182; x_wconf 66' lang='lat' dir='ltr'>juraverint</span> <span class='ocrx_word' id='word_1_420' title='bbox 1150 2112 1176 2168; x_wconf 94' lang='lat' dir='ltr'>in</span> <span class='ocrx_word' id='word_1_421' title='bbox 1202 2113 1312 2168; x_wconf 88' lang='lat' dir='ltr'>nomiae</span> <span class='ocrx_word' id='word_1_422' title='bbox 1339 2113 1459 2177; x_wconf 88' lang='lat' dir='ltr'>Domini,</span> <span class='ocrx_word' id='word_1_423' title='bbox 1482 2125 1509 2168; x_wconf 91' lang='lat' dir='ltr'>et</span> <span class='ocrx_word' id='word_1_424' title='bbox 1537 2129 1590 2168; x_wconf 92' lang='lat' dir='ltr'>non</span> <span class='ocrx_word' id='word_1_425' title='bbox 1610 2090 1766 2171; x_wconf 72' lang='lat' dir='ltr'>innomine</span> 
     </span>
     <span class='ocr_line' id='line_1_56' title="bbox 971 2204 1766 2280; baseline -0.001 -20"><span class='ocrx_word' id='word_1_426' title='bbox 971 2204 1119 2273; x_wconf 89' lang='lat' dir='ltr'>idolorum,</span> <span class='ocrx_word' id='word_1_427' title='bbox 1134 2220 1196 2275; x_wconf 75' lang='lat' dir='ltr'>quae</span> <span class='ocrx_word' id='word_1_428' title='bbox 1209 2206 1243 2261; x_wconf 88' lang='lat' dir='ltr'>de</span> <span class='ocrx_word' id='word_1_429' title='bbox 1261 2220 1311 2259; x_wconf 88' lang='lat' dir='ltr'>suo</span> <span class='ocrx_word' id='word_1_430' title='bbox 1329 2207 1412 2280; x_wconf 66' lang='lat' dir='ltr'>corde</span> <span class='ocrx_word' id='word_1_431' title='bbox 1428 2206 1575 2271; x_wconf 76' lang='lat' dir='ltr'>durnerunt,</span> <span class='ocrx_word' id='word_1_432' title='bbox 1593 2205 1766 2260; x_wconf 83' lang='lat' dir='ltr'>aediiicabnn·</span> 
     </span>
     <span class='ocr_line' id='line_1_57' title="bbox 972 2298 1766 2369; baseline 0.001 -16"><span class='ocrx_word' id='word_1_433' title='bbox 972 2307 1018 2354; x_wconf 92' lang='lat' dir='ltr'>tur</span> <span class='ocrx_word' id='word_1_434' title='bbox 1040 2317 1053 2353; x_wconf 87' lang='lat' dir='ltr'>a</span> <span class='ocrx_word' id='word_1_435' title='bbox 1078 2300 1203 2366; x_wconf 90' lang='lat' dir='ltr'>Domino,</span> <span class='ocrx_word' id='word_1_436' title='bbox 1216 2309 1244 2354; x_wconf 90' lang='lat' dir='ltr'>et</span> <span class='ocrx_word' id='word_1_437' title='bbox 1266 2307 1348 2354; x_wconf 85' lang='lat' dir='ltr'>cratnt</span> <span class='ocrx_word' id='word_1_438' title='bbox 1370 2313 1434 2368; x_wconf 88' lang='lat' dir='ltr'>pars</span> <span class='ocrx_word' id='word_1_439' title='bbox 1455 2299 1547 2369; x_wconf 92' lang='lat' dir='ltr'>populi</span> <span class='ocrx_word' id='word_1_440' title='bbox 1564 2299 1637 2368; x_wconf 81' lang='lat' dir='ltr'>ojus.</span> <span class='ocrx_word' id='word_1_441' title='bbox 1653 2298 1766 2365; x_wconf 82' lang='lat' dir='ltr'>Quodsi</span> 
     </span>
     <span class='ocr_line' id='line_1_58' title="bbox 972 2389 1764 2461; baseline -0.005 -12"><span class='ocrx_word' id='word_1_442' title='bbox 972 2393 1096 2449; x_wconf 84' lang='lat' dir='ltr'>translati</span> <span class='ocrx_word' id='word_1_443' title='bbox 1111 2393 1137 2448; x_wconf 90' lang='lat' dir='ltr'>in</span> <span class='ocrx_word' id='word_1_444' title='bbox 1151 2392 1313 2457; x_wconf 85' lang='lat' dir='ltr'>Ecclesiam,</span> <span class='ocrx_word' id='word_1_445' title='bbox 1324 2405 1518 2461; x_wconf 82' lang='lat' dir='ltr'>perversorum</span> <span class='ocrx_word' id='word_1_446' title='bbox 1530 2392 1689 2457; x_wconf 79' lang='lat' dir='ltr'>dogmatum</span> <span class='ocrx_word' id='word_1_447' title='bbox 1704 2389 1764 2445; x_wconf 88' lang='lat' dir='ltr'>reli·</span> 
     </span>
     <span class='ocr_line' id='line_1_59' title="bbox 971 2482 1764 2556; baseline 0 -23"><span class='ocrx_word' id='word_1_448' title='bbox 971 2486 1051 2556; x_wconf 68' lang='lat' dir='ltr'>qtrias</span> <span class='ocrx_word' id='word_1_449' title='bbox 1072 2487 1220 2550; x_wconf 87' lang='lat' dir='ltr'>tenuerint,</span> <span class='ocrx_word' id='word_1_450' title='bbox 1247 2494 1273 2539; x_wconf 92' lang='lat' dir='ltr'>et</span> <span class='ocrx_word' id='word_1_451' title='bbox 1295 2499 1348 2539; x_wconf 88' lang='lat' dir='ltr'>non</span> <span class='ocrx_word' id='word_1_452' title='bbox 1374 2484 1513 2538; x_wconf 76' lang='lat' dir='ltr'>audierint</span> <span class='ocrx_word' id='word_1_453' title='bbox 1539 2484 1621 2537; x_wconf 86' lang='lat' dir='ltr'>rerba</span> <span class='ocrx_word' id='word_1_454' title='bbox 1645 2482 1764 2546; x_wconf 88' lang='lat' dir='ltr'>Domini,</span> 
     </span>
     <span class='ocr_line' id='line_1_60' title="bbox 971 2575 1767 2647; baseline -0.004 -15"><span class='ocrx_word' id='word_1_455' title='bbox 971 2577 1104 2633; x_wconf 82' lang='lat' dir='ltr'>evelletur</span> <span class='ocrx_word' id='word_1_456' title='bbox 1128 2591 1195 2647; x_wconf 75' lang='lat' dir='ltr'>gens</span> <span class='ocrx_word' id='word_1_457' title='bbox 1213 2576 1257 2630; x_wconf 84' lang='lat' dir='ltr'>illa</span> <span class='ocrx_word' id='word_1_458' title='bbox 1282 2577 1316 2632; x_wconf 91' lang='lat' dir='ltr'>de</span> <span class='ocrx_word' id='word_1_459' title='bbox 1342 2576 1432 2632; x_wconf 91' lang='lat' dir='ltr'>medio</span> <span class='ocrx_word' id='word_1_460' title='bbox 1445 2575 1538 2645; x_wconf 91' lang='lat' dir='ltr'>populi</span> <span class='ocrx_word' id='word_1_461' title='bbox 1556 2575 1615 2641; x_wconf 90' lang='lat' dir='ltr'>Dei,</span> <span class='ocrx_word' id='word_1_462' title='bbox 1628 2575 1767 2630; x_wconf 82' lang='lat' dir='ltr'>evulsione</span> 
     </span>
     <span class='ocr_line' id='line_1_61' title="bbox 972 2667 1767 2741; baseline -0.003 -16"><span class='ocrx_word' id='word_1_463' title='bbox 972 2681 998 2726; x_wconf 85' lang='lat' dir='ltr'>et</span> <span class='ocrx_word' id='word_1_464' title='bbox 1027 2672 1181 2741; x_wconf 87' lang='lat' dir='ltr'>perditione</span> <span class='ocrx_word' id='word_1_465' title='bbox 1209 2681 1409 2741; x_wconf 80' lang='lat' dir='ltr'>perpetuarut</span> <span class='ocrx_word' id='word_1_466' title='bbox 1438 2684 1613 2739; x_wconf 88' lang='lat' dir='ltr'>nequaquam</span> <span class='ocrx_word' id='word_1_467' title='bbox 1636 2669 1679 2723; x_wconf 90' lang='lat' dir='ltr'>eis</span> <span class='ocrx_word' id='word_1_468' title='bbox 1700 2667 1767 2723; x_wconf 86' lang='lat' dir='ltr'>ullus</span> 
     </span>
     <span class='ocr_line' id='line_1_62' title="bbox 971 2760 1766 2834; baseline -0.004 -17"><span class='ocrx_word' id='word_1_469' title='bbox 971 2763 1048 2820; x_wconf 91' lang='lat' dir='ltr'>locas</span> <span class='ocrx_word' id='word_1_470' title='bbox 1077 2765 1243 2831; x_wconf 82' lang='lat' dir='ltr'>poeraiteatiae</span> <span class='ocrx_word' id='word_1_471' title='bbox 1263 2763 1444 2834; x_wconf 85' lang='lat' dir='ltr'>relinquatur.</span> <span class='ocrx_word' id='word_1_472' title='bbox 1460 2761 1523 2817; x_wconf 79' lang='lat' dir='ltr'>llaec</span> <span class='ocrx_word' id='word_1_473' title='bbox 1540 2763 1667 2830; x_wconf 90' lang='lat' dir='ltr'>qnotidie</span> <span class='ocrx_word' id='word_1_474' title='bbox 1681 2760 1766 2818; x_wconf 89' lang='lat' dir='ltr'>cenri-</span> 
     </span>
     <span class='ocr_line' id='line_1_63' title="bbox 972 2853 1763 2925; baseline -0.003 -15"><span class='ocrx_word' id='word_1_475' title='bbox 972 2871 1043 2921; x_wconf 88' lang='lat' dir='ltr'>mus,</span> <span class='ocrx_word' id='word_1_476' title='bbox 1068 2866 1095 2910; x_wconf 93' lang='lat' dir='ltr'>et</span> <span class='ocrx_word' id='word_1_477' title='bbox 1116 2856 1197 2910; x_wconf 90' lang='lat' dir='ltr'>rebus</span> <span class='ocrx_word' id='word_1_478' title='bbox 1212 2855 1369 2925; x_wconf 88' lang='lat' dir='ltr'>probamus,</span> <span class='ocrx_word' id='word_1_479' title='bbox 1388 2855 1460 2925; x_wconf 92' lang='lat' dir='ltr'>quotl</span> <span class='ocrx_word' id='word_1_480' title='bbox 1480 2854 1541 2910; x_wconf 85' lang='lat' dir='ltr'>ideo</span> <span class='ocrx_word' id='word_1_481' title='bbox 1563 2853 1688 2909; x_wconf 75' lang='lat' dir='ltr'>baeretici</span> <span class='ocrx_word' id='word_1_482' title='bbox 1707 2853 1763 2908; x_wconf 86' lang='lat' dir='ltr'>iidel</span> 
     </span>
     <span class='ocr_line' id='line_1_64' title="bbox 972 2949 1763 3019; baseline -0.006 -14"><span class='ocrx_word' id='word_1_483' title='bbox 972 2950 1103 3006; x_wconf 88' lang='lat' dir='ltr'>simulent</span> <span class='ocrx_word' id='word_1_484' title='bbox 1115 2949 1269 3014; x_wconf 85' lang='lat' dir='ltr'>veritatem,</span> <span class='ocrx_word' id='word_1_485' title='bbox 1287 2960 1316 3003; x_wconf 91' lang='grc' dir='ltr'>ιιι</span> <span class='ocrx_word' id='word_1_486' title='bbox 1330 2950 1469 3019; x_wconf 88' lang='lat' dir='ltr'>simplices</span> <span class='ocrx_word' id='word_1_487' title='bbox 1483 2963 1605 3017; x_wconf 87' lang='lat' dir='ltr'>quosque</span> <span class='ocrx_word' id='word_1_488' title='bbox 1620 2949 1763 3018; x_wconf 74' lang='lat' dir='ltr'>deripiant,</span> 
     </span>
    </p>
   </div>
   <div class='ocr_carea' id='block_1_9' title="bbox 935 3039 1764 3115">
    <p class='ocr_par' dir='ltr' id='par_1_9' title="bbox 935 3039 1764 3115">
     <span class='ocr_line' id='line_1_65' title="bbox 935 3039 1764 3115; baseline -0.006 -16"><span class='ocrx_word' id='word_1_489' title='bbox 935 3057 957 3115; x_wconf 80' lang='lat' dir='ltr'>c</span> <span class='ocrx_word' id='word_1_490' title='bbox 974 3055 1001 3099; x_wconf 90' lang='lat' dir='ltr'>et</span> <span class='ocrx_word' id='word_1_491' title='bbox 1024 3058 1077 3099; x_wconf 92' lang='lat' dir='ltr'>non</span> <span class='ocrx_word' id='word_1_492' title='bbox 1097 3043 1148 3110; x_wconf 91' lang='lat' dir='ltr'>ipsi</span> <span class='ocrx_word' id='word_1_493' title='bbox 1167 3053 1364 3098; x_wconf 85' lang='lat' dir='ltr'>convertantur</span> <span class='ocrx_word' id='word_1_494' title='bbox 1383 3041 1416 3095; x_wconf 87' lang='lat' dir='ltr'>ad</span> <span class='ocrx_word' id='word_1_495' title='bbox 1432 3040 1523 3105; x_wconf 87' lang='lat' dir='ltr'>tidem,</span> <span class='ocrx_word' id='word_1_496' title='bbox 1540 3039 1588 3096; x_wconf 89' lang='lat' dir='ltr'>sed</span> <span class='ocrx_word' id='word_1_497' title='bbox 1604 3039 1697 3094; x_wconf 73' lang='lat' dir='ltr'>batales</span> <span class='ocrx_word' id='word_1_498' title='bbox 1714 3050 1764 3094; x_wconf 82' lang='lat' dir='ltr'>trt-</span> 
     </span>
    </p>
   </div>
   <div class='ocr_carea' id='block_1_10' title="bbox 973 3133 1765 3845">
    <p class='ocr_par' dir='ltr' id='par_1_10' title="bbox 974 3133 1308 3191">
     <span class='ocr_line' id='line_1_66' title="bbox 974 3133 1308 3191; baseline -0.006 -1"><span class='ocrx_word' id='word_1_499' title='bbox 974 3135 1040 3191; x_wconf 78' lang='lat' dir='ltr'>ltant</span> <span class='ocrx_word' id='word_1_500' title='bbox 1053 3137 1085 3190; x_wconf 87' lang='lat' dir='ltr'>nd</span> <span class='ocrx_word' id='word_1_501' title='bbox 1106 3133 1308 3189; x_wconf 85' lang='lat' dir='ltr'>itrbtlelitstem.</span> 
     </span>
    </p>

    <p class='ocr_par' dir='ltr' id='par_1_11' title="bbox 973 3222 1765 3845">
     <span class='ocr_line' id='line_1_67' title="bbox 1010 3222 1765 3301; baseline -0.009 -18"><span class='ocrx_word' id='word_1_502' title='bbox 1010 3229 1086 3301; x_wconf 83' lang='lat' dir='ltr'>(Cap.</span> <span class='ocrx_word' id='word_1_503' title='bbox 1102 3227 1174 3285; x_wconf 85' lang='lat' dir='ltr'>lllll.</span> <span class='ocrx_word' id='word_1_504' title='bbox 1195 3257 1231 3268; x_wconf 97' lang='lat'>-</span> <span class='ocrx_word' id='word_1_505' title='bbox 1246 3227 1326 3283; x_wconf 80' lang='lat' dir='ltr'>vers.</span> <span class='ocrx_word' id='word_1_506' title='bbox 1347 3226 1359 3280; x_wconf 93' lang='lat' dir='ltr'>l</span> <span class='ocrx_word' id='word_1_507' title='bbox 1380 3225 1468 3296; x_wconf 85' lang='lat' dir='ltr'>seqq.)</span> <span class='ocrx_word' id='word_1_508' title='bbox 1486 3246 1495 3279; x_wconf 88' lang='grc' dir='ltr'>ι</span> <span class='ocrx_word' id='word_1_509' title='bbox 1514 3224 1577 3280; x_wconf 86' lang='lat' dir='ltr'>llaec</span> <span class='ocrx_word' id='word_1_510' title='bbox 1594 3224 1662 3279; x_wconf 84' lang='lat' dir='ltr'>dicit</span> <span class='ocrx_word' id='word_1_511' title='bbox 1677 3222 1765 3278; x_wconf 88' lang='lat' dir='ltr'>Durol-</span> 
     </span>
     <span class='ocr_line' id='line_1_68' title="bbox 973 3316 1764 3388; baseline -0.008 -12"><span class='ocrx_word' id='word_1_512' title='bbox 973 3336 1026 3376; x_wconf 88' lang='lat' dir='ltr'>nus</span> <span class='ocrx_word' id='word_1_513' title='bbox 1042 3320 1076 3375; x_wconf 91' lang='lat' dir='ltr'>ad</span> <span class='ocrx_word' id='word_1_514' title='bbox 1089 3335 1131 3375; x_wconf 92' lang='lat' dir='ltr'>me</span> <span class='ocrx_word' id='word_1_515' title='bbox 1144 3319 1236 3376; x_wconf 83' lang='lat' dir='ltr'>:Vade</span> <span class='ocrx_word' id='word_1_516' title='bbox 1252 3329 1277 3373; x_wconf 91' lang='lat' dir='ltr'>et</span> <span class='ocrx_word' id='word_1_517' title='bbox 1288 3319 1399 3388; x_wconf 87' lang='lat' dir='ltr'>posside</span> <span class='ocrx_word' id='word_1_518' title='bbox 1412 3319 1460 3373; x_wconf 90' lang='lat' dir='ltr'>tibi</span> <span class='ocrx_word' id='word_1_519' title='bbox 1491 3317 1616 3372; x_wconf 74' lang='lat' dir='ltr'>inturbare</span> <span class='ocrx_word' id='word_1_520' title='bbox 1631 3316 1696 3385; x_wconf 80' lang='lat' dir='ltr'>(aiae</span> <span class='ocrx_word' id='word_1_521' title='bbox 1710 3316 1764 3371; x_wconf 91' lang='lat' dir='ltr'>cin·</span> 
     </span>
     <span class='ocr_line' id='line_1_69' title="bbox 973 3409 1763 3481; baseline -0.006 -12"><span class='ocrx_word' id='word_1_522' title='bbox 973 3410 1103 3481; x_wconf 79' lang='lat' dir='ltr'>ctoriumi</span> <span class='ocrx_word' id='word_1_523' title='bbox 1116 3411 1228 3475; x_wconf 78' lang='lat' dir='ltr'>linctum,</span> <span class='ocrx_word' id='word_1_524' title='bbox 1246 3420 1274 3464; x_wconf 89' lang='lat' dir='ltr'>et</span> <span class='ocrx_word' id='word_1_525' title='bbox 1297 3425 1380 3479; x_wconf 84' lang='lat' dir='ltr'>pmres</span> <span class='ocrx_word' id='word_1_526' title='bbox 1398 3410 1463 3464; x_wconf 90' lang='lat' dir='ltr'>illud</span> <span class='ocrx_word' id='word_1_527' title='bbox 1476 3425 1558 3480; x_wconf 80' lang='lat' dir='ltr'>suaper</span> <span class='ocrx_word' id='word_1_528' title='bbox 1570 3409 1680 3464; x_wconf 80' lang='lat' dir='ltr'>lumime</span> <span class='ocrx_word' id='word_1_529' title='bbox 1696 3420 1763 3473; x_wconf 84' lang='lat' dir='ltr'>tuos.</span> 
     </span>
     <span class='ocr_line' id='line_1_70' title="bbox 973 3501 1763 3583; baseline -0.008 -21"><span class='ocrx_word' id='word_1_530' title='bbox 973 3517 1000 3562; x_wconf 89' lang='lat' dir='ltr'>et</span> <span class='ocrx_word' id='word_1_531' title='bbox 1022 3505 1048 3559; x_wconf 92' lang='lat' dir='ltr'>in</span> <span class='ocrx_word' id='word_1_532' title='bbox 1066 3518 1164 3573; x_wconf 91' lang='lat' dir='ltr'>aquam</span> <span class='ocrx_word' id='word_1_533' title='bbox 1182 3518 1237 3558; x_wconf 91' lang='lat' dir='ltr'>non</span> <span class='ocrx_word' id='word_1_534' title='bbox 1254 3501 1366 3583; x_wconf 68' lang='lat' dir='ltr'>interes</span> <span class='ocrx_word' id='word_1_535' title='bbox 1382 3502 1448 3557; x_wconf 90' lang='lat' dir='ltr'>illud</span> <span class='ocrx_word' id='word_1_536' title='bbox 1464 3503 1530 3569; x_wconf 77' lang='lat' dir='ltr'>isiae</span> <span class='ocrx_word' id='word_1_537' title='bbox 1544 3517 1702 3572; x_wconf 83' lang='lat' dir='ltr'>peraquam</span> <span class='ocrx_word' id='word_1_538' title='bbox 1714 3519 1763 3557; x_wconf 84' lang='lat' dir='ltr'>aron</span> 
     </span>
     <span class='ocr_line' id='line_1_71' title="bbox 974 3593 1763 3667; baseline 0 -16"><span class='ocrx_word' id='word_1_539' title='bbox 974 3598 1100 3651; x_wconf 80' lang='lat' dir='ltr'>transibit</span> <span class='ocrx_word' id='word_1_540' title='bbox 1118 3595 1173 3667; x_wconf 84' lang='lat' dir='ltr'>[tt.</span> <span class='ocrx_word' id='word_1_541' title='bbox 1190 3593 1361 3665; x_wconf 75' lang='lat' dir='ltr'>transiliatii.</span> <span class='ocrx_word' id='word_1_542' title='bbox 1376 3594 1410 3649; x_wconf 87' lang='lat' dir='ltr'>Et</span> <span class='ocrx_word' id='word_1_543' title='bbox 1427 3595 1533 3663; x_wconf 84' lang='lat' dir='ltr'>possedi</span> <span class='ocrx_word' id='word_1_544' title='bbox 1551 3594 1675 3651; x_wconf 84' lang='lat' dir='ltr'>lunrbare</span> <span class='ocrx_word' id='word_1_545' title='bbox 1691 3597 1763 3665; x_wconf 80' lang='lat' dir='ltr'>justu</span> 
     </span>
     <span class='ocr_line' id='line_1_72' title="bbox 973 3684 1764 3755; baseline -0.001 -14"><span class='ocrx_word' id='word_1_546' title='bbox 973 3688 1085 3741; x_wconf 80' lang='lat' dir='ltr'>teritum</span> <span class='ocrx_word' id='word_1_547' title='bbox 1111 3686 1228 3753; x_wconf 89' lang='lat' dir='ltr'>Domini,</span> <span class='ocrx_word' id='word_1_548' title='bbox 1259 3694 1285 3740; x_wconf 92' lang='lat' dir='ltr'>et</span> <span class='ocrx_word' id='word_1_549' title='bbox 1310 3685 1386 3755; x_wconf 86' lang='lat' dir='ltr'>posui</span> <span class='ocrx_word' id='word_1_550' title='bbox 1402 3685 1476 3738; x_wconf 88' lang='lat' dir='ltr'>circa</span> <span class='ocrx_word' id='word_1_551' title='bbox 1496 3684 1606 3738; x_wconf 88' lang='lat' dir='ltr'>lurubos</span> <span class='ocrx_word' id='word_1_552' title='bbox 1630 3699 1717 3740; x_wconf 81' lang='lat' dir='ltr'>turcos.</span> <span class='ocrx_word' id='word_1_553' title='bbox 1734 3685 1764 3740; x_wconf 78' lang='lat' dir='ltr'>El</span> 
     </span>
     <span class='ocr_line' id='line_1_73' title="bbox 974 3779 1764 3845; baseline 0 -10"><span class='ocrx_word' id='word_1_554' title='bbox 974 3780 1062 3835; x_wconf 81' lang='lat' dir='ltr'>lamas</span> <span class='ocrx_word' id='word_1_555' title='bbox 1089 3791 1131 3835; x_wconf 90' lang='lat' dir='ltr'>est</span> <span class='ocrx_word' id='word_1_556' title='bbox 1152 3795 1242 3835; x_wconf 86' lang='lat' dir='ltr'>semro</span> <span class='ocrx_word' id='word_1_557' title='bbox 1260 3779 1367 3833; x_wconf 89' lang='lat' dir='ltr'>Dorniai</span> <span class='ocrx_word' id='word_1_558' title='bbox 1385 3779 1417 3830; x_wconf 78' lang='lat' dir='ltr'>nal</span> <span class='ocrx_word' id='word_1_559' title='bbox 1438 3793 1481 3832; x_wconf 91' lang='lat' dir='ltr'>me</span> <span class='ocrx_word' id='word_1_560' title='bbox 1500 3779 1632 3845; x_wconf 87' lang='lat' dir='ltr'>secutrdo,</span> <span class='ocrx_word' id='word_1_561' title='bbox 1650 3779 1764 3835; x_wconf 77' lang='lat' dir='ltr'>dicens:</span> 
     </span>
    </p>
   </div>
   <div class='ocr_carea' id='block_1_11' title="bbox 130 3858 1784 4962">
    <p class='ocr_par' dir='ltr' id='par_1_12' title="bbox 130 3858 1784 4962">
     <span class='ocr_line' id='line_1_74' title="bbox 166 3858 1764 3942; baseline 0.008 -31"><span class='ocrx_word' id='word_1_562' title='bbox 166 3858 255 3932; x_wconf 81' lang='lat' dir='ltr'>(vers.</span> <span class='ocrx_word' id='word_1_563' title='bbox 267 3861 311 3925; x_wconf 83' lang='lat' dir='ltr'>ll,</span> <span class='ocrx_word' id='word_1_564' title='bbox 326 3860 383 3932; x_wconf 76' lang='lat'>¹5.)</span> <span class='ocrx_word' id='word_1_565' title='bbox 402 3859 660 3918; x_wconf 77' lang='lat' dir='ltr'>‹Cotrluademiuia</span> <span class='ocrx_word' id='word_1_566' title='bbox 676 3865 809 3921; x_wconf 82' lang='lat' dir='ltr'>lructibus</span> <span class='ocrx_word' id='word_1_567' title='bbox 824 3867 920 3938; x_wconf 86' lang='lat' dir='ltr'>(sicea</span> <span class='ocrx_word' id='word_1_568' title='bbox 973 3870 1049 3926; x_wconf 79' lang='lat' dir='ltr'>Tolle</span> <span class='ocrx_word' id='word_1_569' title='bbox 1077 3872 1200 3926; x_wconf 88' lang='lat' dir='ltr'>lumbare</span> <span class='ocrx_word' id='word_1_570' title='bbox 1219 3872 1283 3942; x_wconf 77' lang='lat' dir='ltr'>(riae</span> <span class='ocrx_word' id='word_1_571' title='bbox 1309 3871 1484 3940; x_wconf 80' lang='lat' dir='ltr'>cinctorium)</span> <span class='ocrx_word' id='word_1_572' title='bbox 1506 3869 1577 3938; x_wconf 88' lang='lat' dir='ltr'>qnod</span> <span class='ocrx_word' id='word_1_573' title='bbox 1609 3869 1764 3938; x_wconf 85' lang='lat' dir='ltr'>possedisti,</span> 
     </span>
     <span class='ocr_line' id='line_1_75' title="bbox 131 3957 1763 4034; baseline 0.005 -24"><span class='ocrx_word' id='word_1_574' title='bbox 131 3957 291 4029; x_wconf 72' lang='lat' dir='ltr'>gloriatione</span> <span class='ocrx_word' id='word_1_575' title='bbox 309 3958 410 4026; x_wconf 82' lang='lat' dir='ltr'>restra)</span> <span class='ocrx_word' id='word_1_576' title='bbox 424 3967 535 4028; x_wconf 90' lang='lat' dir='ltr'>propter</span> <span class='ocrx_word' id='word_1_577' title='bbox 546 3961 615 4014; x_wconf 86' lang='lat' dir='ltr'>irum</span> <span class='ocrx_word' id='word_1_578' title='bbox 627 3960 726 4015; x_wconf 89' lang='lat' dir='ltr'>luroris</span> <span class='ocrx_word' id='word_1_579' title='bbox 740 3960 844 4018; x_wconf 87' lang='lat' dir='ltr'>Domini</span> <span class='ocrx_word' id='word_1_580' title='bbox 858 3964 922 4034; x_wconf 85' lang='lat' dir='ltr'>(aiae</span> <span class='ocrx_word' id='word_1_581' title='bbox 973 3965 1045 4032; x_wconf 90' lang='lat' dir='ltr'>qnod</span> <span class='ocrx_word' id='word_1_582' title='bbox 1072 3973 1114 4018; x_wconf 87' lang='lat' dir='ltr'>est</span> <span class='ocrx_word' id='word_1_583' title='bbox 1141 3965 1214 4019; x_wconf 91' lang='lat' dir='ltr'>circa</span> <span class='ocrx_word' id='word_1_584' title='bbox 1243 3963 1352 4020; x_wconf 90' lang='lat' dir='ltr'>lumbos</span> <span class='ocrx_word' id='word_1_585' title='bbox 1378 3972 1450 4027; x_wconf 72' lang='lat' dir='ltr'>lutis,</span> <span class='ocrx_word' id='word_1_586' title='bbox 1466 3975 1492 4017; x_wconf 88' lang='lat' dir='ltr'>et</span> <span class='ocrx_word' id='word_1_587' title='bbox 1516 3978 1632 4033; x_wconf 79' lang='lat' dir='ltr'>surgens</span> <span class='ocrx_word' id='word_1_588' title='bbox 1652 3961 1763 4019; x_wconf 84' lang='lat' dir='ltr'>radead</span> 
     </span>
     <span class='ocr_line' id='line_1_76' title="bbox 131 4051 1764 4124; baseline 0.002 -20"><span class='ocrx_word' id='word_1_589' title='bbox 131 4052 165 4104; x_wconf 89' lang='lat' dir='ltr'>ab</span> <span class='ocrx_word' id='word_1_590' title='bbox 180 4051 327 4121; x_wconf 86' lang='lat' dir='ltr'>opprobrio</span> <span class='ocrx_word' id='word_1_591' title='bbox 344 4052 371 4105; x_wconf 90' lang='lat' dir='ltr'>in</span> <span class='ocrx_word' id='word_1_592' title='bbox 390 4065 538 4122; x_wconf 87' lang='lat' dir='ltr'>cotrspectu</span> <span class='ocrx_word' id='word_1_593' title='bbox 557 4051 687 4123; x_wconf 86' lang='lat' dir='ltr'>Domini).</span> <span class='ocrx_word' id='word_1_594' title='bbox 704 4053 767 4110; x_wconf 73' lang='lat' dir='ltr'>llaec</span> <span class='ocrx_word' id='word_1_595' title='bbox 788 4055 854 4111; x_wconf 87' lang='lat' dir='ltr'>dicit</span> <span class='ocrx_word' id='word_1_596' title='bbox 866 4057 921 4113; x_wconf 87' lang='lat' dir='ltr'>Do·</span> <span class='ocrx_word' id='word_1_597' title='bbox 973 4056 1151 4124; x_wconf 83' lang='lat' dir='ltr'>Ettpbratem,</span> <span class='ocrx_word' id='word_1_598' title='bbox 1182 4066 1209 4111; x_wconf 91' lang='lat' dir='ltr'>et</span> <span class='ocrx_word' id='word_1_599' title='bbox 1235 4057 1373 4111; x_wconf 74' lang='lat' dir='ltr'>absconde</span> <span class='ocrx_word' id='word_1_600' title='bbox 1406 4055 1442 4109; x_wconf 89' lang='lat' dir='ltr'>ibi</span> <span class='ocrx_word' id='word_1_601' title='bbox 1471 4054 1536 4110; x_wconf 92' lang='lat' dir='ltr'>illud</span> <span class='ocrx_word' id='word_1_602' title='bbox 1574 4056 1600 4108; x_wconf 90' lang='lat' dir='ltr'>in</span> <span class='ocrx_word' id='word_1_603' title='bbox 1632 4053 1764 4109; x_wconf 79' lang='lat' dir='ltr'>lor-amine</span> 
     </span>
     <span class='ocr_line' id='line_1_77' title="bbox 130 4143 1765 4220; baseline 0.001 -24"><span class='ocrx_word' id='word_1_604' title='bbox 130 4143 220 4197; x_wconf 76' lang='lat' dir='ltr'>utinm</span> <span class='ocrx_word' id='word_1_605' title='bbox 237 4143 380 4198; x_wconf 78' lang='lat' dir='ltr'>aduersum</span> <span class='ocrx_word' id='word_1_606' title='bbox 397 4158 493 4199; x_wconf 90' lang='lat' dir='ltr'>onmes</span> <span class='ocrx_word' id='word_1_607' title='bbox 509 4143 616 4200; x_wconf 85' lang='lat' dir='ltr'>vicinus</span> <span class='ocrx_word' id='word_1_608' title='bbox 631 4161 707 4201; x_wconf 86' lang='lat' dir='ltr'>areos</span> <span class='ocrx_word' id='word_1_609' title='bbox 720 4147 921 4220; x_wconf 85' lang='lat' dir='ltr'>pessimos,qui</span> <span class='ocrx_word' id='word_1_610' title='bbox 973 4159 1067 4220; x_wconf 82' lang='lat' dir='ltr'>petrae.</span> <span class='ocrx_word' id='word_1_611' title='bbox 1082 4150 1115 4204; x_wconf 83' lang='lat' dir='ltr'>Et</span> <span class='ocrx_word' id='word_1_612' title='bbox 1133 4150 1198 4214; x_wconf 91' lang='lat' dir='ltr'>abii,</span> <span class='ocrx_word' id='word_1_613' title='bbox 1217 4158 1243 4202; x_wconf 90' lang='lat' dir='ltr'>et</span> <span class='ocrx_word' id='word_1_614' title='bbox 1259 4148 1390 4202; x_wconf 83' lang='lat' dir='ltr'>alrscnndi</span> <span class='ocrx_word' id='word_1_615' title='bbox 1409 4146 1474 4202; x_wconf 88' lang='lat' dir='ltr'>iliud</span> <span class='ocrx_word' id='word_1_616' title='bbox 1492 4148 1519 4201; x_wconf 91' lang='lat' dir='ltr'>in</span> <span class='ocrx_word' id='word_1_617' title='bbox 1535 4145 1686 4216; x_wconf 78' lang='lat' dir='ltr'>Euphrate,</span> <span class='ocrx_word' id='word_1_618' title='bbox 1698 4149 1765 4202; x_wconf 89' lang='lat' dir='ltr'>sicot</span> 
     </span>
     <span class='ocr_line' id='line_1_78' title="bbox 132 4234 1784 4313; baseline 0.007 -29"><span class='ocrx_word' id='word_1_619' title='bbox 132 4234 453 4301; x_wconf 78' lang='lat' dir='ltr'>tanqtrntlmreditatem</span> <span class='ocrx_word' id='word_1_620' title='bbox 483 4252 564 4304; x_wconf 88' lang='lat' dir='ltr'>quam</span> <span class='ocrx_word' id='word_1_621' title='bbox 596 4237 839 4308; x_wconf 88' lang='lat' dir='ltr'>distribuipopulo</span> <span class='ocrx_word' id='word_1_622' title='bbox 862 4258 922 4298; x_wconf 88' lang='lat' dir='ltr'>trreo</span> <span class='ocrx_word' id='word_1_623' title='bbox 974 4253 1139 4313; x_wconf 76' lang='lat' dir='ltr'>preceperat</span> <span class='ocrx_word' id='word_1_624' title='bbox 1166 4243 1231 4297; x_wconf 91' lang='lat' dir='ltr'>mibi</span> <span class='ocrx_word' id='word_1_625' title='bbox 1266 4242 1411 4296; x_wconf 83' lang='lat' dir='ltr'>Dnuinns.</span> <span class='ocrx_word' id='word_1_626' title='bbox 1448 4242 1481 4296; x_wconf 79' lang='lat' dir='ltr'>lit</span> <span class='ocrx_word' id='word_1_627' title='bbox 1513 4243 1614 4295; x_wconf 83' lang='lat' dir='ltr'>lactum</span> <span class='ocrx_word' id='word_1_628' title='bbox 1642 4252 1685 4296; x_wconf 89' lang='lat' dir='ltr'>est</span> <span class='ocrx_word' id='word_1_629' title='bbox 1708 4242 1784 4310; x_wconf 75' lang='lat' dir='ltr'>post·</span> 
     </span>
     <span class='ocr_line' id='line_1_79' title="bbox 131 4324 1766 4406; baseline 0.006 -27"><span class='ocrx_word' id='word_1_630' title='bbox 131 4324 215 4380; x_wconf 85' lang='lat' dir='ltr'>lsrael</span> <span class='ocrx_word' id='word_1_631' title='bbox 231 4340 238 4378; x_wconf 91' lang='lat'><strong>:</strong></span> <span class='ocrx_word' id='word_1_632' title='bbox 255 4326 325 4381; x_wconf 86' lang='lat' dir='ltr'>Ecce</span> <span class='ocrx_word' id='word_1_633' title='bbox 343 4342 393 4397; x_wconf 75' lang='lat' dir='ltr'>eqo</span> <span class='ocrx_word' id='word_1_634' title='bbox 417 4330 532 4383; x_wconf 87' lang='lat' dir='ltr'>evellam</span> <span class='ocrx_word' id='word_1_635' title='bbox 557 4345 606 4386; x_wconf 90' lang='lat' dir='ltr'>eos</span> <span class='ocrx_word' id='word_1_636' title='bbox 627 4335 661 4386; x_wconf 91' lang='lat' dir='ltr'>de</span> <span class='ocrx_word' id='word_1_637' title='bbox 680 4341 753 4387; x_wconf 89' lang='lat' dir='ltr'>terra</span> <span class='ocrx_word' id='word_1_638' title='bbox 769 4349 819 4388; x_wconf 91' lang='lat' dir='ltr'>sna</span> <span class='ocrx_word' id='word_1_639' title='bbox 835 4338 923 4392; x_wconf 90' lang='lat' dir='ltr'>etdo·</span> <span class='ocrx_word' id='word_1_640' title='bbox 974 4337 1031 4392; x_wconf 81' lang='lat' dir='ltr'>dias</span> <span class='ocrx_word' id='word_1_641' title='bbox 1058 4337 1200 4406; x_wconf 84' lang='lat' dir='ltr'>plurimos,</span> <span class='ocrx_word' id='word_1_642' title='bbox 1228 4335 1292 4390; x_wconf 92' lang='lat' dir='ltr'>dicit</span> <span class='ocrx_word' id='word_1_643' title='bbox 1319 4335 1449 4390; x_wconf 88' lang='lat' dir='ltr'>Dominus</span> <span class='ocrx_word' id='word_1_644' title='bbox 1474 4337 1507 4389; x_wconf 90' lang='lat' dir='ltr'>nd</span> <span class='ocrx_word' id='word_1_645' title='bbox 1532 4350 1574 4389; x_wconf 92' lang='lat' dir='ltr'>me</span> <span class='ocrx_word' id='word_1_646' title='bbox 1601 4353 1609 4390; x_wconf 77' lang='lat' dir='ltr'>r</span> <span class='ocrx_word' id='word_1_647' title='bbox 1634 4333 1724 4405; x_wconf 83' lang='lat' dir='ltr'>Surge</span> <span class='ocrx_word' id='word_1_648' title='bbox 1740 4342 1766 4388; x_wconf 87' lang='lat' dir='ltr'>et</span> 
     </span>
     <span class='ocr_line' id='line_1_80' title="bbox 131 4409 1765 4497; baseline 0.006 -28"><span class='ocrx_word' id='word_1_649' title='bbox 131 4431 205 4469; x_wconf 83' lang='lat' dir='ltr'>nrum</span> <span class='ocrx_word' id='word_1_650' title='bbox 223 4414 293 4470; x_wconf 81' lang='lat' dir='ltr'>luda</span> <span class='ocrx_word' id='word_1_651' title='bbox 314 4418 508 4489; x_wconf 64' lang='lat' dir='ltr'>evellamustoe</span> <span class='ocrx_word' id='word_1_652' title='bbox 522 4420 644 4492; x_wconf 84' lang='lat' dir='ltr'>ejiciam)</span> <span class='ocrx_word' id='word_1_653' title='bbox 660 4424 693 4478; x_wconf 89' lang='lat' dir='ltr'>dc</span> <span class='ocrx_word' id='word_1_654' title='bbox 709 4424 799 4480; x_wconf 89' lang='lat' dir='ltr'>medio</span> <span class='ocrx_word' id='word_1_655' title='bbox 815 4443 919 4482; x_wconf 89' lang='lat' dir='ltr'>eornm.</span> <span class='ocrx_word' id='word_1_656' title='bbox 939 4409 1043 4483; x_wconf 58' lang='lat' dir='ltr'>¹&gt;ratde</span> <span class='ocrx_word' id='word_1_657' title='bbox 1075 4429 1107 4481; x_wconf 86' lang='lat' dir='ltr'>rd</span> <span class='ocrx_word' id='word_1_658' title='bbox 1127 4428 1302 4497; x_wconf 83' lang='lat' dir='ltr'>Enpbratem,</span> <span class='ocrx_word' id='word_1_659' title='bbox 1320 4436 1347 4481; x_wconf 91' lang='lat' dir='ltr'>et</span> <span class='ocrx_word' id='word_1_660' title='bbox 1376 4427 1440 4481; x_wconf 91' lang='lat' dir='ltr'>tolle</span> <span class='ocrx_word' id='word_1_661' title='bbox 1462 4425 1525 4481; x_wconf 92' lang='lat' dir='ltr'>inde</span> <span class='ocrx_word' id='word_1_662' title='bbox 1553 4426 1677 4482; x_wconf 82' lang='lat' dir='ltr'>lrrrrtbare</span> <span class='ocrx_word' id='word_1_663' title='bbox 1705 4427 1765 4495; x_wconf 83' lang='lat' dir='ltr'>(riae</span> 
     </span>
     <span class='ocr_line' id='line_1_81' title="bbox 132 4506 1765 4590; baseline 0.007 -28"><span class='ocrx_word' id='word_1_664' title='bbox 132 4506 165 4562; x_wconf 83' lang='lat' dir='ltr'>Et</span> <span class='ocrx_word' id='word_1_665' title='bbox 181 4522 241 4561; x_wconf 84' lang='lat' dir='ltr'>curn</span> <span class='ocrx_word' id='word_1_666' title='bbox 257 4509 382 4564; x_wconf 83' lang='lat' dir='ltr'>oaraisero</span> <span class='ocrx_word' id='word_1_667' title='bbox 406 4525 628 4576; x_wconf 85' lang='lat' dir='ltr'>eus,eonrertar</span> <span class='ocrx_word' id='word_1_668' title='bbox 651 4516 714 4584; x_wconf 85' lang='lat' dir='ltr'>(siue</span> <span class='ocrx_word' id='word_1_669' title='bbox 744 4521 876 4588; x_wconf 80' lang='lat' dir='ltr'>reuertar)</span> <span class='ocrx_word' id='word_1_670' title='bbox 896 4530 924 4576; x_wconf 90' lang='lat' dir='ltr'>et</span> <span class='ocrx_word' id='word_1_671' title='bbox 975 4522 1147 4589; x_wconf 83' lang='lat' dir='ltr'>cinctorium)</span> <span class='ocrx_word' id='word_1_672' title='bbox 1173 4523 1245 4589; x_wconf 94' lang='lat' dir='ltr'>qnod</span> <span class='ocrx_word' id='word_1_673' title='bbox 1277 4521 1392 4590; x_wconf 88' lang='lat' dir='ltr'>praecepi</span> <span class='ocrx_word' id='word_1_674' title='bbox 1421 4520 1486 4585; x_wconf 94' lang='lat' dir='ltr'>tibi,</span> <span class='ocrx_word' id='word_1_675' title='bbox 1524 4532 1553 4573; x_wconf 92' lang='lat' dir='ltr'>ut</span> <span class='ocrx_word' id='word_1_676' title='bbox 1582 4520 1765 4575; x_wconf 81' lang='lat' dir='ltr'>abscondere-t</span> 
     </span>
     <span class='ocr_line' id='line_1_82' title="bbox 131 4599 1764 4680; baseline 0.009 -28"><span class='ocrx_word' id='word_1_677' title='bbox 131 4599 283 4655; x_wconf 86' lang='lat' dir='ltr'>miserebor</span> <span class='ocrx_word' id='word_1_678' title='bbox 303 4614 416 4665; x_wconf 88' lang='lat' dir='ltr'>eorum,</span> <span class='ocrx_word' id='word_1_679' title='bbox 434 4613 461 4656; x_wconf 91' lang='lat' dir='ltr'>et</span> <span class='ocrx_word' id='word_1_680' title='bbox 487 4601 616 4658; x_wconf 84' lang='lat' dir='ltr'>reducunt</span> <span class='ocrx_word' id='word_1_681' title='bbox 642 4621 690 4663; x_wconf 88' lang='lat' dir='ltr'>eos</span> <span class='ocrx_word' id='word_1_682' title='bbox 716 4609 780 4677; x_wconf 84' lang='lat' dir='ltr'>(siue</span> <span class='ocrx_word' id='word_1_683' title='bbox 800 4610 923 4668; x_wconf 83' lang='lat' dir='ltr'>babitare</span> <span class='ocrx_word' id='word_1_684' title='bbox 975 4614 1039 4668; x_wconf 92' lang='lat' dir='ltr'>illud</span> <span class='ocrx_word' id='word_1_685' title='bbox 1067 4613 1112 4667; x_wconf 91' lang='lat' dir='ltr'>ibi.</span> <span class='ocrx_word' id='word_1_686' title='bbox 1129 4613 1162 4666; x_wconf 76' lang='lat' dir='ltr'>iit</span> <span class='ocrx_word' id='word_1_687' title='bbox 1182 4614 1236 4669; x_wconf 91' lang='lat' dir='ltr'>abii</span> <span class='ocrx_word' id='word_1_688' title='bbox 1265 4613 1299 4666; x_wconf 87' lang='lat' dir='ltr'>ad</span> <span class='ocrx_word' id='word_1_689' title='bbox 1328 4613 1505 4680; x_wconf 78' lang='lat' dir='ltr'>Errpbratem.</span> <span class='ocrx_word' id='word_1_690' title='bbox 1527 4622 1555 4666; x_wconf 91' lang='lat' dir='ltr'>et</span> <span class='ocrx_word' id='word_1_691' title='bbox 1582 4612 1694 4677; x_wconf 84' lang='lat' dir='ltr'>iodi,et</span> <span class='ocrx_word' id='word_1_692' title='bbox 1719 4610 1764 4666; x_wconf 90' lang='lat' dir='ltr'>tuli</span> 
     </span>
     <span class='ocr_line' id='line_1_83' title="bbox 131 4692 1766 4768; baseline 0.008 -22"><span class='ocrx_word' id='word_1_693' title='bbox 131 4692 343 4760; x_wconf 78' lang='lat' dir='ltr'>laeiamivirnm</span> <span class='ocrx_word' id='word_1_694' title='bbox 363 4692 641 4762; x_wconf 79' lang='lat' dir='ltr'>inluseratlltatesna,</span> <span class='ocrx_word' id='word_1_695' title='bbox 661 4701 789 4756; x_wconf 86' lang='lat' dir='ltr'>etrinuu</span> <span class='ocrx_word' id='word_1_696' title='bbox 807 4703 923 4760; x_wconf 86' lang='lat' dir='ltr'>interra</span> <span class='ocrx_word' id='word_1_697' title='bbox 975 4703 1098 4759; x_wconf 89' lang='lat' dir='ltr'>lumbare</span> <span class='ocrx_word' id='word_1_698' title='bbox 1124 4704 1157 4757; x_wconf 89' lang='lat' dir='ltr'>de</span> <span class='ocrx_word' id='word_1_699' title='bbox 1188 4704 1248 4758; x_wconf 92' lang='lat' dir='ltr'>loco</span> <span class='ocrx_word' id='word_1_700' title='bbox 1273 4704 1317 4758; x_wconf 78' lang='lat' dir='ltr'>rrlri</span> <span class='ocrx_word' id='word_1_701' title='bbox 1348 4704 1543 4759; x_wconf 79' lang='lat' dir='ltr'>:alascouderaua</span> <span class='ocrx_word' id='word_1_702' title='bbox 1561 4704 1639 4768; x_wconf 92' lang='lat' dir='ltr'>illud,</span> <span class='ocrx_word' id='word_1_703' title='bbox 1658 4715 1686 4759; x_wconf 92' lang='lat' dir='ltr'>et</span> <span class='ocrx_word' id='word_1_704' title='bbox 1701 4719 1766 4761; x_wconf 88' lang='lat' dir='ltr'>ecce</span> 
     </span>
     <span class='ocr_line' id='line_1_84' title="bbox 131 4787 1763 4865; baseline 0.006 -24"><span class='ocrx_word' id='word_1_705' title='bbox 131 4802 192 4841; x_wconf 89' lang='lat' dir='ltr'>stra.</span> <span class='ocrx_word' id='word_1_706' title='bbox 216 4807 225 4839; x_wconf 82' lang='grc' dir='ltr'>ι</span> <span class='ocrx_word' id='word_1_707' title='bbox 247 4787 352 4843; x_wconf 89' lang='lat' dir='ltr'>Dicitur</span> <span class='ocrx_word' id='word_1_708' title='bbox 366 4788 398 4841; x_wconf 90' lang='lat' dir='ltr'>ad</span> <span class='ocrx_word' id='word_1_709' title='bbox 415 4803 474 4854; x_wconf 86' lang='lat' dir='ltr'>eos,</span> <span class='ocrx_word' id='word_1_710' title='bbox 491 4789 589 4856; x_wconf 91' lang='lat' dir='ltr'>quibus</span> <span class='ocrx_word' id='word_1_711' title='bbox 605 4792 669 4848; x_wconf 87' lang='lat' dir='ltr'>cleri</span> <span class='ocrx_word' id='word_1_712' title='bbox 683 4795 724 4848; x_wconf 90' lang='lat' dir='ltr'>sai</span> <span class='ocrx_word' id='word_1_713' title='bbox 740 4805 767 4848; x_wconf 91' lang='lat' dir='ltr'>et</span> <span class='ocrx_word' id='word_1_714' title='bbox 793 4797 923 4853; x_wconf 85' lang='lat' dir='ltr'>ccclesia·</span> <span class='ocrx_word' id='word_1_715' title='bbox 973 4795 1314 4865; x_wconf 83' lang='lat' dir='ltr'>corrrpmrneratinurbane</span> <span class='ocrx_word' id='word_1_716' title='bbox 1329 4793 1392 4864; x_wconf 85' lang='lat' dir='ltr'>(siae</span> <span class='ocrx_word' id='word_1_717' title='bbox 1404 4797 1590 4864; x_wconf 82' lang='lat' dir='ltr'>cinctorium),</span> <span class='ocrx_word' id='word_1_718' title='bbox 1601 4798 1636 4851; x_wconf 92' lang='lat' dir='ltr'>ita</span> <span class='ocrx_word' id='word_1_719' title='bbox 1648 4797 1763 4852; x_wconf 90' lang='lat' dir='ltr'>utnullo</span> 
     </span>
     <span class='ocr_line' id='line_1_85' title="bbox 132 4880 1763 4962; baseline 0.008 -28"><span class='ocrx_word' id='word_1_720' title='bbox 132 4880 217 4935; x_wconf 87' lang='lat' dir='ltr'>sticus</span> <span class='ocrx_word' id='word_1_721' title='bbox 233 4884 365 4937; x_wconf 89' lang='lat' dir='ltr'>ordonon</span> <span class='ocrx_word' id='word_1_722' title='bbox 386 4883 520 4954; x_wconf 89' lang='lat' dir='ltr'>proderit,</span> <span class='ocrx_word' id='word_1_723' title='bbox 536 4895 564 4939; x_wconf 92' lang='lat' dir='ltr'>ut</span> <span class='ocrx_word' id='word_1_724' title='bbox 576 4887 923 4962; x_wconf 76' lang='lat' dir='ltr'>cortluntlauturagloria·</span> <span class='ocrx_word' id='word_1_725' title='bbox 974 4891 1035 4945; x_wconf 90' lang='lat' dir='ltr'>usui</span> <span class='ocrx_word' id='word_1_726' title='bbox 1068 4899 1159 4960; x_wconf 90' lang='lat' dir='ltr'>aptum</span> <span class='ocrx_word' id='word_1_727' title='bbox 1184 4899 1267 4944; x_wconf 87' lang='lat' dir='ltr'>esset.</span> <span class='ocrx_word' id='word_1_728' title='bbox 1285 4889 1318 4944; x_wconf 86' lang='lat' dir='ltr'>Et</span> <span class='ocrx_word' id='word_1_729' title='bbox 1332 4890 1432 4944; x_wconf 86' lang='lat' dir='ltr'>lactum</span> <span class='ocrx_word' id='word_1_730' title='bbox 1450 4899 1492 4946; x_wconf 90' lang='lat' dir='ltr'>est</span> <span class='ocrx_word' id='word_1_731' title='bbox 1510 4892 1624 4946; x_wconf 84' lang='lat' dir='ltr'>uerbum</span> <span class='ocrx_word' id='word_1_732' title='bbox 1655 4890 1763 4947; x_wconf 88' lang='lat' dir='ltr'>Domini</span> 
     </span>
    </p>
   </div>
   <div class='ocr_carea' id='block_1_12' title="bbox 132 4993 922 5211">
    <p class='ocr_par' dir='ltr' id='par_1_13' title="bbox 132 4993 922 5211">
     <span class='ocr_line' id='line_1_86' title="bbox 170 4993 922 5072; baseline 0.013 -23"><span class='ocrx_word' id='word_1_733' title='bbox 170 4993 269 5050; x_wconf 84' lang='lat' dir='ltr'>¹Tota</span> <span class='ocrx_word' id='word_1_734' title='bbox 286 4996 432 5064; x_wconf 83' lang='lat' dir='ltr'>qnae&#39;ltine</span> <span class='ocrx_word' id='word_1_735' title='bbox 458 4997 635 5068; x_wconf 84' lang='lat' dir='ltr'>subsequitur</span> <span class='ocrx_word' id='word_1_736' title='bbox 666 4998 700 5053; x_wconf 80' lang='lat' dir='ltr'>ad</span> <span class='ocrx_word' id='word_1_737' title='bbox 732 5001 812 5055; x_wconf 81' lang='lat' dir='ltr'>darem</span> <span class='ocrx_word' id='word_1_738' title='bbox 837 5017 922 5072; x_wconf 83' lang='lat' dir='ltr'>nsque</span> 
     </span>
     <span class='ocr_line' id='line_1_87' title="bbox 132 5063 922 5134; baseline 0.013 -16"><span class='ocrx_word' id='word_1_739' title='bbox 132 5063 214 5131; x_wconf 84' lang='lat' dir='ltr'>buius</span> <span class='ocrx_word' id='word_1_740' title='bbox 240 5067 380 5133; x_wconf 83' lang='lat' dir='ltr'>sectionis,</span> <span class='ocrx_word' id='word_1_741' title='bbox 399 5067 542 5122; x_wconf 84' lang='lat' dir='ltr'>duodecim</span> <span class='ocrx_word' id='word_1_742' title='bbox 574 5069 630 5123; x_wconf 88' lang='lat' dir='ltr'>lere</span> <span class='ocrx_word' id='word_1_743' title='bbox 659 5083 805 5134; x_wconf 81' lang='lat' dir='ltr'>uersuum,</span> <span class='ocrx_word' id='word_1_744' title='bbox 823 5072 922 5129; x_wconf 85' lang='lat' dir='ltr'>lacinia</span> 
     </span>
     <span class='ocr_line' id='line_1_88' title="bbox 133 5135 922 5211; baseline 0.013 -25"><span class='ocrx_word' id='word_1_745' title='bbox 133 5135 226 5188; x_wconf 84' lang='lat' dir='ltr'>deerat</span> <span class='ocrx_word' id='word_1_746' title='bbox 259 5135 284 5187; x_wconf 92' lang='lat' dir='ltr'>in</span> <span class='ocrx_word' id='word_1_747' title='bbox 311 5135 444 5192; x_wconf 88' lang='lat' dir='ltr'>bactenus</span> <span class='ocrx_word' id='word_1_748' title='bbox 471 5140 588 5204; x_wconf 71' lang='lat' dir='ltr'>vrrlqatis</span> <span class='ocrx_word' id='word_1_749' title='bbox 614 5138 702 5194; x_wconf 90' lang='lat' dir='ltr'>libris.</span> <span class='ocrx_word' id='word_1_750' title='bbox 728 5141 793 5205; x_wconf 79' lang='lat' dir='ltr'>Quare</span> <span class='ocrx_word' id='word_1_751' title='bbox 825 5158 922 5211; x_wconf 90' lang='lat' dir='ltr'>nempe</span> 
     </span>
    </p>
   </div>
   <div class='ocr_carea' id='block_1_13' title="bbox 973 5005 1765 5218">
    <p class='ocr_par' dir='ltr' id='par_1_14' title="bbox 973 5005 1765 5218">
     <span class='ocr_line' id='line_1_89' title="bbox 973 5005 1764 5078; baseline 0 -15"><span class='ocrx_word' id='word_1_752' title='bbox 973 5007 1097 5063; x_wconf 89' lang='lat' dir='ltr'>nonnulli</span> <span class='ocrx_word' id='word_1_753' title='bbox 1125 5006 1152 5060; x_wconf 90' lang='lat' dir='ltr'>in</span> <span class='ocrx_word' id='word_1_754' title='bbox 1182 5006 1244 5060; x_wconf 90' lang='lat' dir='ltr'>aliis</span> <span class='ocrx_word' id='word_1_755' title='bbox 1265 5005 1348 5060; x_wconf 83' lang='lat' dir='ltr'>ltalia</span> <span class='ocrx_word' id='word_1_756' title='bbox 1362 5007 1544 5074; x_wconf 83' lang='lat' dir='ltr'>bibliothecis,</span> <span class='ocrx_word' id='word_1_757' title='bbox 1560 5022 1629 5078; x_wconf 91' lang='lat' dir='ltr'>quos</span> <span class='ocrx_word' id='word_1_758' title='bbox 1643 5009 1679 5062; x_wconf 88' lang='lat' dir='ltr'>ad</span> <span class='ocrx_word' id='word_1_759' title='bbox 1693 5007 1764 5063; x_wconf 84' lang='lat' dir='ltr'>boue</span> 
     </span>
     <span class='ocr_line' id='line_1_90' title="bbox 974 5076 1762 5147; baseline -0.003 -14"><span class='ocrx_word' id='word_1_760' title='bbox 974 5079 1055 5133; x_wconf 76' lang='lat' dir='ltr'>nitido</span> <span class='ocrx_word' id='word_1_761' title='bbox 1080 5078 1168 5131; x_wconf 89' lang='lat' dir='ltr'>locttm</span> <span class='ocrx_word' id='word_1_762' title='bbox 1190 5077 1387 5131; x_wconf 86' lang='lat' dir='ltr'>consuluimus.</span> <span class='ocrx_word' id='word_1_763' title='bbox 1402 5076 1478 5146; x_wconf 80' lang='lat' dir='ltr'>Legit</span> <span class='ocrx_word' id='word_1_764' title='bbox 1496 5089 1626 5147; x_wconf 76' lang='lat' dir='ltr'>preterea</span> <span class='ocrx_word' id='word_1_765' title='bbox 1651 5081 1762 5133; x_wconf 83' lang='lat' dir='ltr'>totidem</span> 
     </span>
     <span class='ocr_line' id='line_1_91' title="bbox 973 5147 1765 5218; baseline 0.005 -17"><span class='ocrx_word' id='word_1_766' title='bbox 973 5149 1053 5217; x_wconf 91' lang='lat' dir='ltr'>plane</span> <span class='ocrx_word' id='word_1_767' title='bbox 1071 5147 1162 5201; x_wconf 86' lang='lat' dir='ltr'>uerbis</span> <span class='ocrx_word' id='word_1_768' title='bbox 1189 5148 1214 5199; x_wconf 92' lang='lat' dir='ltr'>iu</span> <span class='ocrx_word' id='word_1_769' title='bbox 1240 5161 1290 5200; x_wconf 86' lang='lat' dir='ltr'>suo</span> <span class='ocrx_word' id='word_1_770' title='bbox 1315 5149 1461 5213; x_wconf 76' lang='lat' dir='ltr'>exemplari</span> <span class='ocrx_word' id='word_1_771' title='bbox 1491 5150 1631 5212; x_wconf 85' lang='lat' dir='ltr'>llalmnus,</span> <span class='ocrx_word' id='word_1_772' title='bbox 1652 5149 1765 5218; x_wconf 82' lang='lat' dir='ltr'>ipsaque</span> 
     </span>
    </p>
   </div>
   <div class='ocr_carea' id='block_1_14' title="bbox 132 5202 921 5777">
    <p class='ocr_par' dir='ltr' id='par_1_15' title="bbox 132 5202 921 5777">
     <span class='ocr_line' id='line_1_92' title="bbox 132 5202 919 5280; baseline 0.011 -21"><span class='ocrx_word' id='word_1_773' title='bbox 132 5202 265 5259; x_wconf 85' lang='lat' dir='ltr'>solemnis</span> <span class='ocrx_word' id='word_1_774' title='bbox 289 5212 331 5258; x_wconf 87' lang='lat' dir='ltr'>est</span> <span class='ocrx_word' id='word_1_775' title='bbox 347 5207 469 5260; x_wconf 90' lang='lat' dir='ltr'>codicum</span> <span class='ocrx_word' id='word_1_776' title='bbox 495 5209 711 5274; x_wconf 77' lang='lat' dir='ltr'>exscriptoribus</span> <span class='ocrx_word' id='word_1_777' title='bbox 729 5211 919 5280; x_wconf 85' lang='lat' dir='ltr'>hallucinatio,</span> 
     </span>
     <span class='ocr_line' id='line_1_93' title="bbox 132 5273 920 5349; baseline 0.009 -23"><span class='ocrx_word' id='word_1_778' title='bbox 132 5288 195 5327; x_wconf 89' lang='lat' dir='ltr'>cum</span> <span class='ocrx_word' id='word_1_779' title='bbox 221 5273 261 5327; x_wconf 94' lang='lat' dir='ltr'>bis</span> <span class='ocrx_word' id='word_1_780' title='bbox 283 5277 377 5327; x_wconf 87' lang='lat' dir='ltr'>endem</span> <span class='ocrx_word' id='word_1_781' title='bbox 396 5289 541 5332; x_wconf 87' lang='lat' dir='ltr'>recurrunt</span> <span class='ocrx_word' id='word_1_782' title='bbox 556 5278 649 5342; x_wconf 76' lang='lat' dir='ltr'>var-tra,</span> <span class='ocrx_word' id='word_1_783' title='bbox 664 5288 692 5332; x_wconf 92' lang='grc' dir='ltr'>ιιι</span> <span class='ocrx_word' id='word_1_784' title='bbox 704 5279 813 5336; x_wconf 86' lang='lat' dir='ltr'>lalleute</span> <span class='ocrx_word' id='word_1_785' title='bbox 829 5283 920 5349; x_wconf 82' lang='lat' dir='ltr'>oculo,</span> 
     </span>
     <span class='ocr_line' id='line_1_94' title="bbox 133 5344 920 5421; baseline 0.02 -29"><span class='ocrx_word' id='word_1_786' title='bbox 133 5357 194 5412; x_wconf 83' lang='lat' dir='ltr'>qnae</span> <span class='ocrx_word' id='word_1_787' title='bbox 220 5344 380 5398; x_wconf 83' lang='lat' dir='ltr'>intermedia</span> <span class='ocrx_word' id='word_1_788' title='bbox 407 5358 469 5401; x_wconf 81' lang='lat' dir='ltr'>sunt</span> <span class='ocrx_word' id='word_1_789' title='bbox 497 5350 784 5414; x_wconf 69' lang='lat' dir='ltr'>prater-oduariuboc</span> <span class='ocrx_word' id='word_1_790' title='bbox 810 5368 920 5421; x_wconf 90' lang='lat' dir='ltr'>quoqne</span> 
     </span>
     <span class='ocr_line' id='line_1_95' title="bbox 133 5415 921 5490; baseline 0.013 -25"><span class='ocrx_word' id='word_1_791' title='bbox 133 5415 247 5481; x_wconf 74' lang='lat' dir='ltr'>contigit</span> <span class='ocrx_word' id='word_1_792' title='bbox 270 5415 340 5478; x_wconf 85' lang='lat' dir='ltr'>ioco,</span> <span class='ocrx_word' id='word_1_793' title='bbox 357 5415 401 5482; x_wconf 90' lang='lat' dir='ltr'>qni</span> <span class='ocrx_word' id='word_1_794' title='bbox 417 5419 509 5470; x_wconf 88' lang='lat' dir='ltr'>statim</span> <span class='ocrx_word' id='word_1_795' title='bbox 523 5418 558 5470; x_wconf 92' lang='lat' dir='ltr'>ab</span> <span class='ocrx_word' id='word_1_796' title='bbox 573 5420 678 5480; x_wconf 84' lang='lat' dir='ltr'>iisdem,</span> <span class='ocrx_word' id='word_1_797' title='bbox 698 5420 724 5473; x_wconf 89' lang='lat' dir='ltr'>ln</span> <span class='ocrx_word' id='word_1_798' title='bbox 742 5437 802 5490; x_wconf 87' lang='lat' dir='ltr'>qua·</span> <span class='ocrx_word' id='word_1_799' title='bbox 819 5424 921 5475; x_wconf 82' lang='lat' dir='ltr'>desiuit</span> 
     </span>
     <span class='ocr_line' id='line_1_96' title="bbox 133 5485 918 5553; baseline 0.017 -20"><span class='ocrx_word' id='word_1_800' title='bbox 133 5485 235 5546; x_wconf 79' lang='lat' dir='ltr'>seritis,</span> <span class='ocrx_word' id='word_1_801' title='bbox 252 5501 305 5553; x_wconf 76' lang='lat' dir='ltr'>poa</span> <span class='ocrx_word' id='word_1_802' title='bbox 334 5486 572 5552; x_wconf 78' lang='lat' dir='ltr'>uttleersoe&#39;cnrui,</span> <span class='ocrx_word' id='word_1_803' title='bbox 598 5491 752 5545; x_wconf 81' lang='lat' dir='ltr'>inclinatur.</span> <span class='ocrx_word' id='word_1_804' title='bbox 783 5490 918 5547; x_wconf 86' lang='lat' dir='ltr'>Lacrraaur</span> 
     </span>
     <span class='ocr_line' id='line_1_97' title="bbox 134 5555 918 5627; baseline 0.018 -24"><span class='ocrx_word' id='word_1_805' title='bbox 134 5555 259 5619; x_wconf 77' lang='lat' dir='ltr'>supplent</span> <span class='ocrx_word' id='word_1_806' title='bbox 276 5557 458 5627; x_wconf 85' lang='lat' dir='ltr'>antiquissimi</span> <span class='ocrx_word' id='word_1_807' title='bbox 486 5558 557 5617; x_wconf 84' lang='lat' dir='ltr'>libri.</span> <span class='ocrx_word' id='word_1_808' title='bbox 589 5572 686 5624; x_wconf 79' lang='lat' dir='ltr'>prater</span> <span class='ocrx_word' id='word_1_809' title='bbox 706 5561 918 5618; x_wconf 73' lang='lat' dir='ltr'>cisterciensem</span> 
     </span>
     <span class='ocr_line' id='line_1_98' title="bbox 135 5622 918 5696; baseline 0.015 -22"><span class='ocrx_word' id='word_1_810' title='bbox 135 5631 161 5671; x_wconf 82' lang='lat' dir='ltr'>el</span> <span class='ocrx_word' id='word_1_811' title='bbox 177 5622 345 5691; x_wconf 78' lang='lat' dir='ltr'>Vaticanum,</span> <span class='ocrx_word' id='word_1_812' title='bbox 361 5626 459 5696; x_wconf 83' lang='lat' dir='ltr'>quibus</span> <span class='ocrx_word' id='word_1_813' title='bbox 475 5630 647 5682; x_wconf 86' lang='lat' dir='ltr'>cottiittenter</span> <span class='ocrx_word' id='word_1_814' title='bbox 673 5631 783 5695; x_wconf 81' lang='lat' dir='ltr'>otiatur,</span> <span class='ocrx_word' id='word_1_815' title='bbox 805 5631 858 5685; x_wconf 87' lang='lat' dir='ltr'>dato</span> <span class='ocrx_word' id='word_1_816' title='bbox 874 5635 918 5686; x_wconf 85' lang='lat' dir='ltr'>tti-</span> 
     </span>
     <span class='ocr_line' id='line_1_99' title="bbox 135 5691 919 5777; baseline 0.024 -34"><span class='ocrx_word' id='word_1_817' title='bbox 135 5691 198 5746; x_wconf 88' lang='lat' dir='ltr'>dem</span> <span class='ocrx_word' id='word_1_818' title='bbox 216 5692 337 5752; x_wconf 81' lang='lat' dir='ltr'>Vaticani</span> <span class='ocrx_word' id='word_1_819' title='bbox 350 5698 472 5755; x_wconf 83' lang='lat' dir='ltr'>rruarrcris</span> <span class='ocrx_word' id='word_1_820' title='bbox 487 5697 539 5755; x_wconf 62' lang='grc' dir='ltr'>διδ</span> <span class='ocrx_word' id='word_1_821' title='bbox 550 5707 577 5755; x_wconf 87' lang='lat' dir='ltr'>et</span> <span class='ocrx_word' id='word_1_822' title='bbox 590 5697 642 5753; x_wconf 62' lang='lat' dir='ltr'>iii</span> <span class='ocrx_word' id='word_1_823' title='bbox 653 5703 809 5771; x_wconf 81' lang='lat' dir='ltr'>prenotati,</span> <span class='ocrx_word' id='word_1_824' title='bbox 818 5704 919 5777; x_wconf 83' lang='lat' dir='ltr'>aliique</span> 
     </span>
    </p>
   </div>
   <div class='ocr_carea' id='block_1_15' title="bbox 970 5218 1765 5766">
    <p class='ocr_par' dir='ltr' id='par_1_16' title="bbox 970 5218 1765 5766">
     <span class='ocr_line' id='line_1_100' title="bbox 973 5218 1764 5282; baseline 0 -12"><span class='ocrx_word' id='word_1_825' title='bbox 973 5221 1121 5275; x_wconf 79' lang='lat' dir='ltr'>teritorum</span> <span class='ocrx_word' id='word_1_826' title='bbox 1145 5218 1232 5270; x_wconf 86' lang='lat' dir='ltr'>series</span> <span class='ocrx_word' id='word_1_827' title='bbox 1257 5227 1456 5282; x_wconf 81' lang='lat' dir='ltr'>contentusque</span> <span class='ocrx_word' id='word_1_828' title='bbox 1469 5219 1602 5271; x_wconf 83' lang='lat' dir='ltr'>orationis</span> <span class='ocrx_word' id='word_1_829' title='bbox 1620 5219 1764 5273; x_wconf 83' lang='lat' dir='ltr'>rtranilestn</span> 
     </span>
     <span class='ocr_line' id='line_1_101' title="bbox 973 5287 1764 5357; baseline 0.004 -16"><span class='ocrx_word' id='word_1_830' title='bbox 973 5290 1120 5356; x_wconf 89' lang='lat' dir='ltr'>prodontc</span> <span class='ocrx_word' id='word_1_831' title='bbox 1136 5287 1295 5357; x_wconf 73' lang='lat' dir='ltr'>llierouyrui</span> <span class='ocrx_word' id='word_1_832' title='bbox 1310 5287 1416 5341; x_wconf 84' lang='lat' dir='ltr'>calamo</span> <span class='ocrx_word' id='word_1_833' title='bbox 1432 5288 1578 5356; x_wconf 82' lang='lat' dir='ltr'>proticisci.</span> <span class='ocrx_word' id='word_1_834' title='bbox 1596 5287 1648 5341; x_wconf 91' lang='lat' dir='ltr'>Sed</span> <span class='ocrx_word' id='word_1_835' title='bbox 1666 5300 1764 5357; x_wconf 75' lang='lat' dir='ltr'>preter</span> 
     </span>
     <span class='ocr_line' id='line_1_102' title="bbox 972 5355 1763 5424; baseline -0.003 -14"><span class='ocrx_word' id='word_1_836' title='bbox 972 5359 1100 5412; x_wconf 87' lang='lat' dir='ltr'>laciniam</span> <span class='ocrx_word' id='word_1_837' title='bbox 1134 5358 1184 5410; x_wconf 87' lang='lat' dir='ltr'>loci</span> <span class='ocrx_word' id='word_1_838' title='bbox 1207 5372 1288 5424; x_wconf 88' lang='lat' dir='ltr'>quam</span> <span class='ocrx_word' id='word_1_839' title='bbox 1318 5355 1477 5411; x_wconf 81' lang='lat' dir='ltr'>sutss&#39;ecimas</span> <span class='ocrx_word' id='word_1_840' title='bbox 1499 5359 1630 5413; x_wconf 82' lang='lat' dir='ltr'>trossulis</span> <span class='ocrx_word' id='word_1_841' title='bbox 1644 5359 1763 5423; x_wconf 71' lang='lat' dir='ltr'>isangrim,</span> 
     </span>
     <span class='ocr_line' id='line_1_103' title="bbox 972 5425 1762 5497; baseline 0.005 -17"><span class='ocrx_word' id='word_1_842' title='bbox 972 5427 1063 5481; x_wconf 80' lang='lat' dir='ltr'>sttlrdit</span> <span class='ocrx_word' id='word_1_843' title='bbox 1080 5425 1219 5480; x_wconf 74' lang='lat' dir='ltr'>licito-ins</span> <span class='ocrx_word' id='word_1_844' title='bbox 1231 5427 1360 5481; x_wconf 91' lang='lat' dir='ltr'>continua</span> <span class='ocrx_word' id='word_1_845' title='bbox 1375 5428 1447 5480; x_wconf 87' lang='lat' dir='ltr'>serie</span> <span class='ocrx_word' id='word_1_846' title='bbox 1463 5430 1521 5483; x_wconf 78' lang='lat' dir='ltr'>laec</span> <span class='ocrx_word' id='word_1_847' title='bbox 1534 5442 1643 5497; x_wconf 88' lang='lat' dir='ltr'>quoque</span> <span class='ocrx_word' id='word_1_848' title='bbox 1658 5429 1762 5484; x_wconf 81' lang='lat' dir='ltr'>uerba:</span> 
     </span>
     <span class='ocr_line' id='line_1_104' title="bbox 973 5495 1763 5569; baseline 0.003 -19"><span class='ocrx_word' id='word_1_849' title='bbox 973 5496 1064 5566; x_wconf 85' lang='lat' dir='ltr'>Neque</span> <span class='ocrx_word' id='word_1_850' title='bbox 1073 5499 1142 5550; x_wconf 84' lang='lat' dir='ltr'>enirn</span> <span class='ocrx_word' id='word_1_851' title='bbox 1155 5512 1246 5563; x_wconf 86' lang='lat' dir='ltr'>pacem</span> <span class='ocrx_word' id='word_1_852' title='bbox 1261 5497 1308 5549; x_wconf 91' lang='lat' dir='ltr'>Dei</span> <span class='ocrx_word' id='word_1_853' title='bbox 1323 5504 1407 5562; x_wconf 84' lang='lat' dir='ltr'>potest</span> <span class='ocrx_word' id='word_1_854' title='bbox 1420 5513 1483 5552; x_wconf 86' lang='lat' dir='ltr'>curo</span> <span class='ocrx_word' id='word_1_855' title='bbox 1510 5501 1633 5569; x_wconf 73' lang='lat' dir='ltr'>recipere.</span> <span class='ocrx_word' id='word_1_856' title='bbox 1649 5495 1763 5568; x_wconf 84' lang='lat' dir='ltr'>Sapien-</span> 
     </span>
     <span class='ocr_line' id='line_1_105' title="bbox 972 5566 1763 5635; baseline 0 -16"><span class='ocrx_word' id='word_1_857' title='bbox 972 5569 1011 5620; x_wconf 83' lang='lat' dir='ltr'>tia</span> <span class='ocrx_word' id='word_1_858' title='bbox 1026 5568 1095 5619; x_wconf 79' lang='lat' dir='ltr'>etim</span> <span class='ocrx_word' id='word_1_859' title='bbox 1106 5571 1194 5619; x_wconf 75' lang='lat' dir='ltr'>coritis</span> <span class='ocrx_word' id='word_1_860' title='bbox 1212 5567 1319 5620; x_wconf 80' lang='lat' dir='ltr'>raritaticu</span> <span class='ocrx_word' id='word_1_861' title='bbox 1332 5576 1371 5620; x_wconf 85' lang='lat' dir='ltr'>ent</span> <span class='ocrx_word' id='word_1_862' title='bbox 1383 5566 1448 5633; x_wconf 87' lang='lat' dir='ltr'>Deo,</span> <span class='ocrx_word' id='word_1_863' title='bbox 1461 5574 1537 5635; x_wconf 86' lang='lat' dir='ltr'>etqui</span> <span class='ocrx_word' id='word_1_864' title='bbox 1553 5571 1580 5623; x_wconf 87' lang='lat' dir='ltr'>t&#39;tt</span> <span class='ocrx_word' id='word_1_865' title='bbox 1594 5584 1675 5623; x_wconf 86' lang='lat' dir='ltr'>carue</span> <span class='ocrx_word' id='word_1_866' title='bbox 1691 5581 1763 5635; x_wconf 81' lang='lat' dir='ltr'>sunt,</span> 
     </span>
     <span class='ocr_line' id='line_1_106' title="bbox 971 5636 1765 5712; baseline 0.006 -21"><span class='ocrx_word' id='word_1_867' title='bbox 971 5636 1025 5691; x_wconf 91' lang='lat' dir='ltr'>Deo</span> <span class='ocrx_word' id='word_1_868' title='bbox 1041 5636 1143 5702; x_wconf 68' lang='lat' dir='ltr'>storeae</span> <span class='ocrx_word' id='word_1_869' title='bbox 1160 5652 1210 5689; x_wconf 87' lang='grc' dir='ltr'>ιιοιι</span> <span class='ocrx_word' id='word_1_870' title='bbox 1227 5646 1354 5704; x_wconf 58' lang='lat' dir='ltr'>portuum</span> <span class='ocrx_word' id='word_1_871' title='bbox 1378 5653 1439 5708; x_wconf 78' lang='lat' dir='ltr'>qua</span> <span class='ocrx_word' id='word_1_872' title='bbox 1467 5639 1578 5712; x_wconf 89' lang='lat' dir='ltr'>quidcm</span> <span class='ocrx_word' id='word_1_873' title='bbox 1601 5640 1630 5694; x_wconf 91' lang='lat' dir='ltr'>in</span> <span class='ocrx_word' id='word_1_874' title='bbox 1656 5640 1765 5696; x_wconf 73' lang='lat' dir='ltr'>trullus</span> 
     </span>
     <span class='ocr_line' id='line_1_107' title="bbox 970 5707 1698 5766; baseline -0.001 -2"><span class='ocrx_word' id='word_1_875' title='bbox 970 5708 1071 5766; x_wconf 76' lang='lat' dir='ltr'>ricottis</span> <span class='ocrx_word' id='word_1_876' title='bbox 1084 5722 1150 5763; x_wconf 80' lang='lat' dir='ltr'>raras.</span> <span class='ocrx_word' id='word_1_877' title='bbox 1166 5707 1328 5764; x_wconf 75' lang='lat' dir='ltr'>intersimus.</span> <span class='ocrx_word' id='word_1_878' title='bbox 1694 5746 1698 5753; x_wconf 93' lang='lat'>.</span> 
     </span>
    </p>
   </div>
   <div class='ocr_carea' id='block_1_16' title="bbox 0 0 1905 6116">
    <p class='ocr_par' dir='ltr' id='par_1_17' title="bbox 0 0 1905 6116">
     <span class='ocr_line' id='line_1_108' title="bbox 0 0 1905 6116; baseline 0 0"><span class='ocrx_word' id='word_1_879' title='bbox 0 0 1905 6116; x_wconf 95' lang='lat' dir='ltr'> </span> 
     </span>
    </p>
   </div>
  </div>
 </body>
</html>
