3788 6120
134 233 166 294 Π
469 239 717 305 COMMENTAR.
740 245 781 305 IN
799 245 933 307 lsutnat
955 249 1185 312 rnortlurust
1206 253 1416 317 PROLOGUS.
1602 204 1608 213 .
1725 261 1763 325 18

131 352 216 408 notu
235 362 292 408 ms.
312 347 405 423 libro,
424 352 480 430 qui
499 370 635 417 numero
655 354 693 416 bl
713 376 750 419 ex
769 358 861 436 nigro
885 359 991 423 colore
1016 362 1104 442 (sunt
1124 364 1210 425 onim
1232 384 1269 425 ex
1296 367 1392 427 rubro
1410 366 1475 442 alii)
1500 375 1709 447 prenotatur,
1724 383 1758 436 ot

131 444 276 522 quredum
296 445 359 508 etta
374 449 515 510 continet
532 467 603 513 vere
625 453 888 532 Hieronpmiana.
910 455 1127 520 Nihilosecins
1159 477 1223 522 non
1246 471 1322 537 [suto
1344 463 1374 522 in
1401 480 1440 524 eo
1472 464 1692 536 laborandum,
1719 476 1757 530 nt

130 541 277 629 ariductis
299 545 497 621 argumentis
512 544 593 609 lalso
614 546 701 609 illum
732 551 906 629 probemus
931 570 1046 631 magno
1074 556 1273 634 Hieronymo
1297 559 1413 631 tribui,
1447 579 1462 620 e
1488 560 1579 638 cujus
1608 578 1756 640 germana

132 637 247 715 ipsain
264 638 352 701 hunc
366 640 550 718 prophetam
567 643 796 727 Explunatione
812 650 1025 726 supposititiis
1052 649 1175 712 lrautlis
1198 653 1357 731 arguitur.
1379 655 1514 717 Abunde
1536 659 1613 719 satis
1631 660 1760 720 erudito

131 733 257 794 Lectori
269 734 322 807 sit,
338 751 406 796 eam
431 751 494 798 non
508 738 642 800 omnino
658 742 831 804 oscitanter
853 742 1006 806 lustrasse
1025 747 1149 820 oculis,
1168 764 1207 809 ne
1235 747 1344 810 lucum
1371 751 1434 812 sibi
1455 771 1492 813 ex
1515 751 1572 816 hac
1592 755 1759 817 vetustatis

130 828 287 891 memoria
310 829 548 909 sterilissimum
567 834 890 915 etplaneintelligat,
910 840 1092 902 studiosum
1129 845 1313 919 uuenrpiam
1343 846 1496 925 pleraque
1512 851 1619 912 omnia
1640 869 1677 912 ex
1702 867 1758 929 ge·

132 922 234 984 nuino
249 923 439 1003 Hieronymi
456 928 689 991 Commentario
712 931 902 1011 sublegisse,
926 937 1076 1016 J‘unxisse
1102 946 1207 999 autem
1228 955 1291 1000 non
1317 943 1408 1003 valde
1424 943 1575 1008 felicibus
1594 946 1761 1026 auspiciis,

132 1021 313 1098 partimque
328 1021 448 1084 additis
467 1040 504 1087 ac
518 1028 634 1104 partim
650 1026 799 1091 detractis
817 1031 922 1091 verbis
944 1049 1005 1094 suo
1038 1032 1094 1093 illa
1118 1034 1249 1111 iugenio
1266 1047 1441 1113 coaptasse.

1133 1223 1547 1242 mm
1569 1230 1745 1244 Μ

439 1372 512 1488 S·
541 1372 900 1490 nusum
932 1378 1466 1494 ntutsoltwnn

675 1593 957 1659 stutboutsrtsts
975 1600 1216 1663 possessum

572 1779 1326 1912 couuruummonou

237 2040 356 2204 tlt
417 2045 837 2212 ISAIAM
904 2044 1674 2213 Puorffls‘ram

669 2334 807 2412 utum
852 2333 1248 2416 oooouvtolrtrt.

844 2630 1060 2710 morosus.

925 2823 961 2836 ..-

174 2928 241 2998 1-2
262 2925 381 2997 Explosis
398 2927 500 2995 ¹longo
519 2930 564 2983 rix
589 2937 710 2999 tempore
727 2933 752 2984 in
777 2930 921 2985 distulerim
939 2929 1105 2996 plurimum
1134 2925 1368 2994 pauemlmuitias.
1385 2925 1431 2995 nui
1448 2928 1481 2980 rte
1494 2925 1621 2981 tlrrsanro
1637 2941 1686 2981 suo
1702 2943 1766 2996 pru·

136 3025 286 3092 propbetas
300 3020 396 3090 viginti
409 3020 631 3089 explanationum
644 3021 731 3088 libris,
743 3031 770 3079 ct
784 3023 810 3076 in
824 3021 923 3077 banio·
980 3020 1034 3075 lert
1052 3035 1118 3074 nom
1131 3030 1157 3073 et
1173 3031 1285 3084 rctcru;
1303 3030 1330 3072 et
1358 3033 1484 3089 sponsam
1503 3019 1636 3073 clirentcm
1654 3019 1682 3072 iu
1697 3018 1768 3074 Can·

136 3115 189 3166 lem
207 3111 429 3177 cocicmentatum,
444 3110 519 3179 cogis
536 3125 590 3175 me,
615 3113 691 3182 uirgo
705 3111 808 3167 Christi
827 3114 925 3169 Eustc-
980 3111 1035 3165 tiro
1059 3110 1223 3166 canticorum
1238 3127 1245 3162 r
1261 3108 1336 3163 Noua
1351 3118 1376 3162 et
1400 3120 1497 3173 uetera,
1517 3108 1652 3177 [corruetis
1674 3125 1773 3177 urerer

136 3205 240 3268 chium,
257 3203 374 3258 transire
390 3205 423 3258 acl
449 3203 560 3270 isaiam,
589 3216 617 3258 et
636 3207 706 3274 qrrod
722 3215 822 3261 serietas
844 3207 924 3261 matri
976 3199 1608 3270 servusitibi⁸(circumretita-{4sicque
1633 3215 1771 3270 exponam
1824 3222 1826 3227 ·

137 3306 192 3350 tun
204 3295 305 3356 Pariis.
321 3295 386 3349 dnm
405 3294 519 3358 vireret,
538 3294 673 3363 pollicitos
699 3311 769 3363 smu,
789 3296 835 3350 tibi
865 3297 924 3352 retl-
977 3295 1083 3360 lsaium,
1106 3303 1135 3348 ut
1153 3292 1297 3347 illumnon
1316 3292 1402 3346 solum
1426 3293 1598 3361 proplietam,
1619 3294 1763 3348 sederan-

135 3390 211 3442 clerc.
224 3389 302 3454 Quod
314 3387 421 3456 quictem
441 3397 468 3441 et
486 3387 671 3442 eruditissimo
687 3389 744 3445 viro
761 3390 836 3444 tratri
856 3393 925 3446 tuo¹
975 3389 1097 3459 gelistam
1115 3395 1142 3441 et
1163 3385 1314 3457 apostolum
1333 3387 1455 3439 doceam.
1476 3383 1536 3455 lpse
1550 3386 1622 3439 cuim
1640 3387 1672 3438 cic
1688 3400 1716 3438 sc
1736 3393 1765 3440 et

136 3477 313 3531 Pururuaclrio
339 3477 496 3546 promisisse
522 3492 565 3532 me
596 3478 724 3545 rueruini;
753 3496 870 3547 cumque
897 3482 924 3536 in
977 3479 1127 3536 docereris
1152 3478 1328 3548 erarrgolistis
1357 3480 1417 3532 ait:
1447 3475 1535 3542 Quam
1560 3478 1670 3545 speciosi
1687 3477 1767 3545 perles

136 3570 296 3639 allectupur
316 3568 365 3634 sis,
382 3568 467 3623 vincis
484 3571 637 3638 prasentia.
661 3568 794 3640 ltaquect
822 3573 870 3627 tibi
899 3585 925 3628 et
976 3573 1211 3642 euurrpetizumium
1232 3573 1309 3635 bono,
1326 3569 1563 3640 craupelirumium
1586 3567 1765 3640 ‚racemum

137 3662 176 3714 illi
191 3675 237 3729 per
252 3670 277 3714 te
290 3659 375 3713 redito
389 3662 459 3738 qrrorl
476 3661 572 3725 debeo,
588 3662 719 3716 obccliens
734 3663 836 3720 Christi
854 3681 924 3734 prae-
977 3664 1076 3731 mul).
1104 3663 1182 3716 tituil
1200 3662 1287 3729 ipsum
1312 3662 1390 3730 «prasi
1420 3663 1452 3715 acl
1480 3662 1631 3732 apostolum
1650 3662 1771 3732 loquitor

136 3754 232 3821 ceptis,
244 3753 290 3821 nui
300 3751 358 3805 ait:
377 3749 541 3806 Scrutamini
554 3752 706 3821 Scripturas
720 3753 810 3824 (loun.
825 3757 904 3826 vso)
918 3774 925 3823 ;
977 3757 1049 3811 uuus
1065 3771 1072 3809 :
1090 3754 1171 3819 Quem
1186 3756 1334 3819 cristarum
1346 3731 1407 3821 quis
1417 3751 1464 3806 ibit
1477 3753 1513 3806 ud
1526 3752 1652 3820 populum
1667 3750 1774 3807 istum!

136 3855 176 3908 ct,
190 3843 316 3909 Quoerite,
329 3855 353 3897 et
373 3845 508 3898 inuenietis
525 3844 636 3915 (liuttlr.
654 3863 702 3910 ru,
720 3847 775 3915 tt).
801 3865 834 3904 nc
861 3849 925 3904 ittut
977 3846 1010 3901 Et
1024 3845 1069 3901 ills
1086 3845 1224 3914 respondit
1239 3866 1245 3901 :
1263 3844 1396 3916 Ecceepo,
1409 3845 1482 3899 mitte
1501 3861 1540 3899 mc
1553 3843 1622 3914 (iso.
1635 3859 1673 3907 vr,
1687 3843 1727 3904 8l.

136 3937 243 3991 anilium
265 3952 324 3990 curu
338 3934 440 3991 intimis
454 3954 462 3990 r
479 3936 595 3998 Erratis.
607 3942 748 3994 nescienter
762 3940 925 4010 Scripturas,
1012 3935 1160 4007 Nullusque
1173 3943 1258 4005 putet,
1273 3952 1316 3992 rue
1328 3933 1473 3992 voluminis
1490 3936 1567 3991 istius
1580 3944 1776 4004 argumentum

137 4030 354 4097 ricqueuirrmcm
370 4027 827 4101 Dei(llutttr.xru‚tillsicnmr
849 4034 925 4103 juxto
980 4032 1053 4085 brevi
1075 4042 1318 4099 cuperesermonc
1344 4027 1681 4097 conrprchemlcretcnm
1707 4026 1770 4080 nni·
1802 4049 1804 4052 ·

138 4121 292 4188 apostolum
307 4118 421 4172 Paulum
433 4118 464 4188 (ll
477 4117 541 4172 Car.
557 4135 576 4184 r,
591 4119 650 4189 bl),
667 4121 792 4175 Christus
810 4124 854 4177 liei
871 4124 926 4175 uir·
980 4137 1056 4176 rcrsa
1077 4120 1183 4175 lloruini
1197 4127 1368 4174 sacraemnta
1386 4132 1505 4188 praescus
1520 4117 1663 4184 Scriptura
1678 4117 1769 4172 conti·

93 4222 103 4238 ‘
138 4222 184 4265 rus
196 4223 248 4273 est,
268 4209 370 4279 licique
383 4210 540 4279 sapientia3
558 4221 585 4266 et
599 4213 644 4279 qui
661 4211 747 4265 nescit
759 4211 925 4283 Scripturas,
945 4260 964 4311 B
982 4223 1107 4280 creat;ct
1123 4224 1177 4266 tam
1195 4220 1277 4265 nutus
1305 4210 1337 4264 cla
1364 4208 1473 4278 Virgine
1501 4208 1772 4279 Errrrrrsrrucl,quarrr
1823 4208 1832 4228 ‘

138 4302 226 4356 crescit
240 4301 285 4355 liei
303 4304 430 4356 uirtutem
448 4302 563 4372 ejusque
582 4301 745 4371 sapientiam
764 4317 772 4356 r
791 4302 927 4370 ignoratio
980 4304 1127 4360 illustrium
1141 4311 1263 4372 patrator
1282 4315 1396 4368 operum
1412 4309 1492 4369 atque
1509 4301 1661 4370 signorum,
1697 4315 1773 4354 mor·

140 4391 340 4461 scripturarum
368 4390 755 4461 ignoratioCbristiest.Umlo
770 4392 926 4447 orationum
981 4405 1043 4450 tuus
1060 4409 1091 4448 ac
1110 4394 1242 4462 sepultus,
1257 4401 1283 4445 ct
1299 4405 1447 4460 resurgens
1464 4393 1474 4422 ³
1490 4390 1524 4444 ab
1542 4389 1647 4458 inlcris,
1664 4399 1692 4445 ct
1714 4388 1775 4446 Sal-

140 4494 248 4538 tuarum
264 4484 347 4538 tultus
360 4483 370 4516 ⁸
383 4485 497 4548 auxilio,
511 4499 570 4554 qius
584 4483 679 4539 diebus
706 4499 739 4539 ac
763 4485 890 4539 noctibus
902 4485 928 4539 iu
983 4495 1057 4538 rator
1072 4484 1259 4538 universarum
1271 4467 1393 4551 gentium
1408 4482 1581 4552 predicetur.
1595 4483 1664 4550 Quill
1674 4483 1771 4554 loquar

140 4575 188 4633 bei
206 4575 264 4647 lcgc
279 4576 432 4643 irredimus,
449 4586 476 4632 et
496 4576 625 4647 templum
641 4590 671 4632 es
685 4575 806 4646 Spiritus
828 4577 928 4641 sancti,
981 4576 1015 4631 de
1031 4576 1152 4646 physica,
1168 4573 1323 4630 etbicaet⁶
1343 4572 1431 4644 logica
1442 4573 1602 4642 ‘t‘Quttqntd
1616 4585 1773 4630 sanctarum

178 4760 348 4827 *Exeuimus
377 4762 458 4814 bosce
482 4759 749 4816 Commentariorum
777 4759 804 4814 iu
829 4758 928 4815 isaiam
1015 4756 1025 4787 ⁴
1057 4755 1167 4812 Servavi
1191 4756 1525 4827 tibibuampluresnrss.
1543 4754 1651 4808 codices
1680 4744 1774 4821 legnnt

142 4831 226 4886 libros
249 4833 282 4884 ml
305 4830 425 4884 erudirem
442 4827 594 4884 Parlntimrm
609 4832 671 4892 lii.
695 4841 751 4886 tum
775 4830 857 4883 ulium
878 4828 930 4883 Vn·
981 4827 1036 4881 alio
1051 4828 1141 4891 crioilo,
1155 4837 1181 4880 et
1197 4831 1338 4882 rorrtrurio
1354 4843 1434 4882 seusu
1454 4845 1461 4883 :
1484 4825 1560 4878 rlloua
1573 4832 1595 4875 et
1614 4828 1700 4876 uetera
1717 4821 1777 4888 sru-

142 4905 262 4956 ticarmm
278 4902 340 4954 52³2.
359 4898 503 4954 llarimum
519 4916 729 4969 nuonuceormu
745 4909 848 4969 purtem
865 4914 930 4955 cou-
983 4899 1075 4952 trustis
1095 4914 1166 4951 meus
1182 4899 1293 4951 seruauit
1311 4899 1387 4951 mitri.
1406 4899 1439 4950 Αι
1457 4895 1558 4950 nullum
1580 4897 1650 4946 tuter
1664 4893 1779 4946 uariau-

144 4975 257 5026 tutimus
271 4988 332 5025 cum
344 4971 451 5023 doolms
468 4971 667 5034 ambrosianis.
685 4972 771 5024 ultore
787 4968 805 5022 S
825 4969 928 5034 littera,
981 4974 1022 5021 tos
1044 4969 1174 5022 lcctioues
1195 4968 1369 5035 interpretum
1395 4963 1702 5042 uepretrcnnereporut,
1715 4976 1779 5029 utrae

144 5053 170 5097 ct
184 5059 260 5096 nuru.
270 5041 316 5104 ii,
327 5041 413 5094 altero
430 5039 453 5093 E
465 5049 492 5092 et
503 5040 538 5094 98
558 5041 729 5108 prenotatis.
747 5037 797 5094 Ubi
810 5053 874 5092 roro
884 5053 930 5092 co·
981 5036 1102 5092 ltrnmret
1117 5040 1188 5092 lranc
1200 5037 1375 5091 seutentiam.
1389 5037 1417 5089 ln
1433 5033 1547 5088 llcbraeo
1560 5033 1673 5099 legrnms
1689 5039 1779 5092 tmen

143 5113 248 5166 ilicibus
269 5112 340 5168 eliis.
351 5113 396 5179 qm
409 5123 491 5163 unum
510 5120 557 5164 erut
581 5112 695 5164 ulturum
714 5119 817 5164 tantum
835 5107 930 5162 llicro·
980 5092 1028 5182 ¹15,
1041 5107 1172 5177 truplruuti
1183 5107 1267 5171 lecito,
1278 5106 1305 5160 id
1317 5115 1369 5172 est,
1382 5103 1483 5160 sessuri
1496 5103 1557 5168 tibi,
1569 5105 1638 5168 sire,
1649 5101 1779 5157 coecum

143 5185 279 5250 nynrinnae
299 5179 380 5247 lucius
391 5179 571 5248 expositionis
582 5181 681 5234 librum
692 5181 875 5244 continerent,
888 5179 928 5234 usi
979 5181 1036 5235 tr'lri.
1056 5179 1192 5232 llrurmu.
1240 5213 1242 5217 ψ

143 5267 248 5314 sumus,
266 5252 327 5305 illos
340 5249 398 5303 suis
412 5264 536 5318 quosque
552 5250 618 5304 locis
632 5250 785 5304 laudamus.
1018 5251 1029 5282 ⁸
1051 5247 1175 5303 vatican.
1190 5247 1254 5308 322.
1267 5262 1403 5315 resumens
1417 5265 1431 5301 n
1445 5247 1566 5302 mortuis.
1656 5312 1662 5326 ⁸

178 5323 189 5353 ¹
205 5320 297 5375 Fratri
309 5331 364 5380 tuo.
374 5327 427 5374 cto.
437 5317 560 5374 Fratrem
570 5322 710 5375 Eustorbii
722 5317 928 5374 Purnmacbium
1018 5321 1028 5349 ⁶
1044 5319 1139 5372 b'rlrica
1153 5328 1177 5371 et
1195 5318 1352 5386 ttrcclopicn.
1369 5317 1399 5370 ln
1416 5327 1496 5372 arctes
1508 5317 1589 5372 clitis
1600 5315 1679 5369 librrs
1692 5310 1777 5392 habe·

143 5403 225 5447 rorat
243 5391 434 5459 Hieronymus,
454 5391 519 5458 quia
534 5392 621 5445 eirlcm
638 5389 813 5445 Pammachio
831 5403 931 5458 nupse·
984 5393 1038 5454 tur,
1055 5389 1140 5443 etlricc
1155 5398 1179 5442 ct
1197 5387 1303 5455 topiro3
1323 5388 1369 5440 setl
1384 5402 1477 5442 errore
1493 5386 1649 5449 umnilesto,
1663 5398 1722 5438 cum
1738 5394 1779 5452 rp-

143 5473 186 5517 rat
201 5461 316 5516 Paulina
330 5475 409 5516 soror
421 5459 570 5515 Eustocbii.
585 5461 756 5516 limeum-
769 5458 835 5514 Puta
851 5460 931 5528 spiri·
983 5470 1071 5518 scium
1085 5458 1266 5526 iliorunyums
1280 5456 1424 5526 tlrcolrpira
1452 5472 1500 5526 pro
1519 5456 1603 5525 topica
1632 5449 1789 5523 legentum.

143 5543 187 5586 tus
200 5531 331 5586 uocabulo
344 5529 409 5594 uici,
423 5533 594 5587 rrorscumis:
610 5531 718 5585 tunretsi
729 5529 859 5596 Paulinus,
872 5543 932 5598 quas
984 5532 1111 5587 statuerit
1125 5526 1239 5596 epistola
1253 5526 1288 5580 uri
1300 5526 1417 5580 Paulum
1429 5529 1462 5582 tle
1473 5526 1619 5596 alphabeto
1632 5521 1785 5600 ltebruico,

144 5600 650 5670 l‘ammacbionnpserat.reresuror
677 5601 855 5656 Eustochium
870 5598 933 5656 luit.
986 5602 1031 5656 ubi
1048 5602 1085 5653 ait
1106 5600 1140 5652 do
1169 5597 1254 5665 logica
1274 5617 1281 5651 ι
1300 5614 1309 5648 r
1328 5596 1383 5652 l'ro
1404 5613 1457 5667 qua
1486 5597 1571 5650 nostri
1593 5591 1785 5671 Tlreoloptcers

181 5673 192 5704 ³
210 5671 401 5735 imbriculis,
422 5673 550 5738 saturetur,
568 5689 616 5742 pro
629 5670 723 5741 irritus.
986 5670 1039 5727 sibi
1052 5668 1200 5725 vindicant.
1220 5685 1229 5719 r
1255 5665 1388 5723 liturus.
1407 5696 1440 5705 —
1457 5668 1503 5722 Sic
1520 5677 1546 5722 ot
1562 5680 1634 5721 mss,
1654 5663 1789 5732 plentur&
