3788 6120
221 279 467 350 COMMENTAR.
487 287 529 348 tri
549 288 749 351 ististlttil
769 292 1002 357 inornatum
1028 297 1100 359 [ΑΒ.
1113 298 1173 362 lli.
1192 298 1374 364 cnexllt.
1562 295 1618 364 'ilii

121 391 216 451 diceus
230 414 238 453 a
252 397 314 454 ilaec
331 399 397 456 dicit
427 402 557 460 Dominus
581 423 589 460 ι
608 406 654 461 Sic
682 412 813 478 putres
861 411 950 468 ivero.
968 412 1003 467 li
1015 412 1104 485 seqq.)
1121 433 1131 466 r
1146 412 1226 472 lilces
1239 429 1304 486 ergo
1320 416 1353 472 ad
1366 431 1414 472 eos
1428 415 1498 487 (aior
1510 417 1545 471 ad
1566 430 1617 488 po·

106 484 177 541 eiam
192 487 347 559 superbiam
359 490 423 562 (tiae
437 492 666 565 iujurrianaliuda,
682 509 709 554 et
727 513 774 554 su·
826 503 930 574 pulum)
946 520 1098 562 sermonem
1113 506 1194 562 istum
1212 504 1297 566 :liae
1319 509 1386 565 dicit
1397 507 1529 564 Dominus
1541 507 1615 564 bens

106 572 272 635 tierusalem
284 581 409 650 multam,
423 591 451 639 et
470 587 599 656 populum
615 589 697 645 istum
710 605 772 660 pes·
825 596 907 652 lsrael
924 617 931 652 :
947 595 1043 654 Omnis
1060 598 1204 669 laguncula
1216 599 1283 671 (aiae
1297 601 1368 672 uter)
1385 599 1541 671 implebitur
1556 595 1615 671 [tt.

121 668 167 741 qui
184 671 280 728 nolunt
294 675 391 732 audire
407 677 490 732 uerba
506 693 576 746 mea,
593 690 622 735 et
636 682 775 738 ambulant
825 684 982 759 impleatur]
997 687 1068 742 vino.
1102 688 1183 759 932
1199 688 1232 744 Et
1256 689 1347 747 dicent
1361 691 1394 746 ad
1420 699 1445 746 te
1461 709 1469 746 r
1491 689 1618 759 Numquid

105 759 168 817 itate
180 761 244 828 (siae
253 763 280 819 iu
293 765 454 838 directione)
464 769 556 825 cordis
570 771 612 825 sui
622 774 732 840 pessimi
745 775 773 830 ¹:
827 775 983 845 ignoramus
996 779 1068 845 duod
1081 779 1171 834 omnis
1182 780 1326 850 laguncula
1343 782 1409 848 (sine
1422 780 1494 851 nter)
1506 780 1621 850 implea-

106 861 170 925 igue
192 865 251 922 post
270 856 335 913 deos
357 859 470 926 alienos,
485 870 515 916 ut
527 863 663 919 seruirent
676 866 729 931 eis,
748 878 775 921 et
827 877 872 922 tur
889 867 985 941 [iulg.
1000 869 1168 943 implebitur]
1183 871 1266 927 uiuo?
1286 871 1318 926 Et
1334 872 1409 929 dices
1423 873 1463 940 ad,
1476 887 1523 927 eus
1536 890 1543 926 ε
1557 872 1620 926 ilaec

106 954 137 1002 ut
152 962 200 1005 eos
217 965 225 1005 a
244 960 365 1006 eternus
381 953 451 1008 sicut
470 954 593 1011 inurinare
610 957 693 1021 istrrd,
704 960 775 1026 qnod
826 959 893 1015 dicit
903 960 1032 1016 Dominus
1042 978 1049 1015 a
1061 962 1130 1016 Eece
1142 977 1192 1030 ego
1208 963 1326 1033 implebo
1340 979 1438 1018 omnes
1451 964 1619 1017 habitatores

106 1038 145 1093 sui
162 1048 255 1110 aptum
273 1052 325 1095 est.
341 1042 500 1099 Sicuutenim
517 1046 637 1103 adhaeret
655 1047 776 1105 intrabare
828 1063 907 1106 terrae
937 1051 1029 1122 buius,
1043 1062 1070 1106 et
1093 1067 1170 1121 reges
1185 1055 1230 1122 rpni
1252 1054 1348 1110 sedent
1363 1055 1396 1109 de
1412 1056 1497 1123 stirpe
1511 1055 1573 1119 (siue
1589 1055 1619 1107 il·

106 1130 155 1185 ¹³⁰¹
173 1132 223 1185 ilii
240 1150 248 1187 ²
264 1135 304 1189 ⁵50
320 1134 486 1202 tsttutiuani
503 1137 569 1192 mibi
594 1154 702 1194 omnem
725 1141 775 1195 do·
827 1143 889 1215 lios)
912 1143 995 1199 Dauid
1020 1159 1103 1214 snper
1124 1147 1253 1200 tluronum
1276 1146 1345 1213 ejus,
1363 1157 1391 1201 et
1418 1149 1575 1201 sacerdotes
1592 1155 1621 1200 et

105 1219 170 1288 rael,
182 1229 210 1275 et
221 1236 328 1277 omnem
339 1225 448 1281 doraum
463 1226 541 1293 iuda,
554 1229 620 1284 dicit
634 1228 775 1298 Douruinus,
826 1237 974 1307 propbetas
996 1245 1023 1291 et
1044 1251 1139 1292 omnes
1165 1237 1331 1293 habitatores
1354 1237 1505 1292 Jerusalem
1525 1237 1616 1291 ebrie·

106 1310 574 1388 trnibiinpoputnm,e1931p,
591 1330 733 1376 noutteuei
750 1321 776 1375 iu
829 1337 909 1381 tate:
931 1337 959 1381 et
983 1327 1136 1397 dispergant
1163 1343 1222 1395 eos,
1250 1330 1339 1382 vianna
1367 1345 1381 1382 a
1407 1329 1492 1382 iratre
1516 1343 1577 1388 stro,
1594 1336 1622 1381 ct

106 1410 153 1468 ,et
169 1404 196 1458 in
212 1405 337 1475 gloriam,
351 1419 378 1463 et
392 1425 446 1464 nou
462 1411 616 1467 audieruut.
633 1431 642 1463 a
667 1412 776 1468 Cirruto-
827 1424 918 1487 patres
932 1425 959 1472 et
976 1416 1047 1472 diios
1064 1419 1175 1486 pariter,
1192 1419 1228 1471 ait
1246 1417 1381 1473 [louduus
1401 1435 1408 1472 a
1429 1416 1487 1472 Non
1508 1431 1621 1486 patetutt

106 1495 156 1554 rire
187 1497 406 1571 lurubarc,quod
435 1502 483 1557 Ilei
510 1505 622 1560 renibus
641 1504 776 1573 inungitur,
828 1509 892 1577 (riae
921 1522 976 1562 uon
1002 1507 1189 1578 desiderabo),
1207 1520 1235 1564 et
1260 1524 1314 1566 nou
1342 1508 1503 1570 concedam,
1533 1520 1622 1574 neque

120 1588 202 1647 lsrael
218 1601 268 1654 est,
283 1593 328 1661 quui
342 1593 369 1647 iu
385 1593 432 1648 lini
447 1593 652 1650 similitudinem
671 1610 777 1650 assunt·
829 1601 990 1665 miserebor,
1004 1610 1035 1655 ut
1051 1617 1103 1655 arou
1127 1602 1283 1671 disperdam
1310 1615 1363 1657 eus,
1385 1619 1394 1652 r
1427 1598 1546 1655 Verbum
1566 1596 1621 1652 lie-

117 1690 202 1748 terra,
220 1693 248 1738 et
263 1684 365 1748 illotus,
382 1702 431 1741 nee
448 1686 646 1742 mollitudinem
670 1688 775 1753 babuit,
829 1693 949 1748 braicum
961 1709 1045 1748 neret
1067 1677 1134 1764 (bas)
1152 1693 1256 1763 turrita
1270 1693 1355 1761 prima
1380 1693 1475 1756 editio,
1492 1692 1621 1762 ingorrann-

106 1772 216 1841 dorem,
235 1784 261 1830 et
278 1787 367 1832 tartueu
393 1779 530 1848 petillius
562 1779 776 1835 misericordiam
829 1785 894 1848 ioan,
909 1784 1027 1839 secunda
1043 1784 1129 1854 ipsum
1145 1783 1236 1846 trebel:
1252 1783 1456 1854 Symrnacluus,
1473 1791 1601 1836 craterem
1611 1798 1621 1846 ,·

126 1864 191 1922 Deo.
208 1867 328 1938 Curasque
342 1881 493 1939 peccasset,
507 1871 720 1942 rationequippe
736 1878 778 1927 ost
827 1874 911 1938 Lxx,
938 1885 1044 1940 utrcm5
1063 1875 1211 1931 Tireodotio
1232 1893 1296 1939 aas,
1330 1874 1501 1944 interpretati
1529 1880 1593 1927 stunt
1613 1887 1621 1930 ι

107 1956 179 2013 modi
195 1959 280 2013 linum
298 1970 379 2030 atquc
391 1960 524 2027 lumbare,
541 1963 690 2020 ductusest
702 1975 778 2019 trans
828 1966 900 2035 quod
930 1981 1010 2022 omno
1030 1982 1085 2020 non
1109 1966 1182 2029 oleo,
1207 1981 1359 2036 uorraqua,
1392 1965 1622 2028 nouunelle,nou

105 2059 170 2117 tem,
186 2052 213 2108 id
233 2062 285 2117 est,
298 2055 323 2109 in
346 2056 487 2124 Assyrios,
499 2065 523 2110 et
542 2055 578 2112 ibi
591 2057 777 2122 absconditus,
828 2056 910 2121 lacte,
925 2071 978 2111 uon
994 2056 1046 2111 alia
1061 2057 1184 2125 quaslibet
1200 2058 1316 2112 materia
1336 2056 1468 2124 liquentis
1481 2055 1621 2120 elomenti,

106 2145 303 2211 ,multitudiue
325 2145 381 2219 [dl.
400 2149 598 2221 maguitudino]
611 2151 778 2219 {magnarum
829 2150 877 2202 sed
891 2148 966 2211 rinno,
987 2155 1014 2202 et
1028 2148 1159 2202 ebrictate
1186 2148 1348 2216 completur
1366 2148 1546 2211 temeratione,
1572 2162 1623 2201 nos

105 2238 265 2294 uerabilium
275 2240 394 2310 gentium
406 2240 608 2310 quodammodo
623 2243 778 2311 absorptus,
828 2257 877 2296 ras
891 2255 952 2296 esse
967 2239 1071 2309 iragiie,
1088 2240 1164 2306 juxta
1174 2240 1336 2309 apostatum
1355 2240 1490 2294 dicentem
1506 2255 1514 2294 :
1534 2237 1625 2292 liabe-

109 2326 118 2385 i
147 2338 298 2400 reputatus.
315 2329 378 2385 Post
403 2333 515 2387 intuitum
543 2342 633 2388 autem
660 2343 777 2404 teuttpus,
829 2349 886 2388 mat
904 2334 1055 2387 tiresoornnu
1076 2333 1283 2385 istrminoaris
1300 2331 1429 2400 fictilibus
1446 2328 1490 2399 (Η
1507 2329 1568 2384 Cor.
1585 2346 1621 2394 tv,

106 2422 212 2491 noptuora
236 2425 263 2477 iu
296 2432 388 2495 typum
416 2425 460 2479 Dei
483 2425 582 2479 liberat
602 2426 779 2494 populumde
830 2428 942 2497 'imum
959 2442 1039 2495 posse
1051 2426 1129 2487 lieri,
1147 2437 1175 2480 ut
1190 2426 1321 2480 nouillud
1335 2427 1482 2494 impleatur
1498 2426 1525 2480 in
1543 2425 1622 2480 nobis

107 2525 159 2570 ate.
176 2514 228 2580 Qui
251 2517 427 2571 nibilominus
447 2528 473 2573 et
491 2529 551 2587 pust
579 2519 707 2583 reditum,
733 2520 777 2573 boi
830 2520 902 2590 guod
914 2520 1046 2588 seriptum
1059 2527 1101 2573 est
1120 2536 1128 2572 a
1147 2516 1209 2572 Non
1221 2518 1290 2571 enim
1305 2516 1411 2571 dabitat
1429 2518 1454 2570 in
1472 2532 1550 2570 corne
1564 2532 1622 2569 meo

105 2618 132 2663 ta
152 2624 204 2664 uon
235 2608 320 2676 iccit;
349 2610 396 2666 sed
425 2619 536 2666 secutus
568 2613 634 2665 uicos
664 2612 777 2676 autiernus,
830 2611 1029 2681 bonnmlliurn.
1047 2626 1094 2669 vu.
1114 2610 1168 2679 l8).
1186 2610 1218 2663 Et
1241 2607 1446 2666 iterurnaiiou
1468 2608 1622 2678 eninugrmd

106 2719 203 2759 'erutum
224 2705 305 2759 ctiam
332 2704 358 2757 in
385 2704 433 2759 bei
453 2704 554 2759 Filium
575 2705 649 2760 misit
671 2720 778 2770 uranus,
829 2707 1005 2767 ooloionnnr,
1022 2704 1070 2756 inor
1083 2702 1176 2772 socio:
1196 2703 1241 2755 scd
1266 2699 1337 2769 qnod
1364 2700 1426 2754 uolo
1443 2699 1554 2763 molam,
1571 2698 1619 2753 inor

106 2812 148 2852 rna
181 2797 333 2868 perditione
363 2800 515 2854 eurutabnit.
550 2797 646 2854 Omnis
672 2814 780 2869 quorpre
829 2796 1277 2868 operorlliid.l9i.dodeiudc:
1299 2795 1623 2863 discrepantiamque

108 2897 170 2944 ctus
197 2890 319 2945 lumbare
334 2889 381 2945 Dei
408 2900 461 2959 est,
488 2891 533 2960 qni
564 2902 719 2960 assumptus
746 2892 780 2946 de
827 2909 871 2948 mr
887 2891 1006 2946 liberabit
1017 2891 1048 2945 de
1065 2905 1173 2958 corpore
1182 2890 1274 2943 mortis
1286 2890 1365 2959 bnjns
1389 2887 1471 2958 libid.
1488 2885 1553 2959 iili
1569 2884 1624 2939 liae

106 2981 171 3036 tde
190 2991 269 3038 terras
295 2983 389 3050 liruo',
408 2984 454 3039 Dei
473 2978 779 3052 eorrsortiocopuiatur,
831 2993 921 3041 antem
947 2983 1097 3046 ebrietate,
1122 2997 1174 3051 gua
1203 2981 1394 3036 obliuiscimur
1428 2989 1622 3048 preceptorum

108 3073 251 3130 dammodo
272 3090 333 3145 quoae
363 3077 391 3130 in
414 3075 534 3132 Ecclesia
563 3077 624 3145 ejus
651 3076 888 3149 uideutnrcllei,
905 3087 933 3132 et
946 3077 1020 3131 vitiis
1033 3085 1114 3146 atque
1129 3075 1248 3144 peccatis
1259 3071 1623 3142 omnisirnpietnulunuaua

106 3181 129 3232 r,
143 3165 241 3234 naajori
259 3168 400 3238 diligentia
426 3170 524 3238 operit,
551 3180 633 3238 atquae
661 3172 779 3222 circnm-
830 3168 961 3228 cnrnditio,
978 3167 1085 3221 dicente
1113 3165 1249 3235 i’ropbeta
1267 3183 1275 3219 a
1295 3162 1357 3219 Non
1380 3164 1575 3234 justificabitur
1597 3163 1624 3215 in

117 3260 256 3330 gentilium
270 3270 298 3317 et
311 3261 498 3316 ltaereticorum
512 3261 647 3316 morsibus
657 3267 778 3330 puteant.
831 3267 970 3328 conspectu
983 3268 1028 3312 tuo
1040 3259 1125 3312 aaronis
1143 3259 1234 3311 uiocnr
1253 3257 1340 3328 (Psoi.
1368 3273 1449 3323 creua,
1464 3257 1505 3324 ἲ),
1521 3273 1574 3310 uon
1592 3255 1624 3309 ad

106 3351 224 3407 lumbare
238 3353 262 3407 si
292 3366 390 3421 aquam
421 3353 550 3422 tetigerit,
582 3362 611 3406 et
635 3351 781 3421 Euphratis
830 3349 1062 3420 comparationem
1076 3349 1344 3420 Deilutsetereset
1367 3350 1625 3404 uoulbaeroticiuo-

126 3445 278 3511 transierit,
299 3447 335 3498 lta
357 3454 386 3499 ut
399 3445 516 3514 Assyriae
537 3443 655 3512 regionis
683 3444 779 3497 lunruto·
831 3442 901 3505 lunt,
921 3449 947 3496 et
959 3441 1065 3510 patroni
1096 3442 1308 3509 luaeretieorum),
1340 3442 1389 3495 sed
1418 3445 1451 3495 ad
1477 3442 1625 3496 scientiam

115 3535 265 3600 imbuatur,
295 3538 384 3607 pordit
413 3537 555 3606 pristinam
584 3536 780 3597 lortitudiueut,
830 3531 1094 3604 ejuszliomoeuim
1116 3532 1219 3586 videtin
1243 3532 1323 3601 faeie,
1353 3531 1422 3587 Dour
1458 3533 1485 3586 in
1507 3532 1623 3601 corriel!

105 3629 257 3696 tputrescit,
282 3638 366 3696 atque
399 3627 568 3681 dissolvitur.
594 3624 626 3679 Et
656 3626 782 3695 pirannis
831 3624 896 3696 ch.
914 3638 971 3691 ιιι,
986 3623 1161 3694 ¹1);etquod
1176 3625 1254 3680 uobis
1277 3624 1413 3679 interdurn
1438 3625 1567 3677 mumdum
1584 3623 1626 3676 ui·

106 3735 137 3775 att
164 3720 210 3774 liei
237 3720 340 3784 redeat,
371 3728 460 3773 taruteu
493 3718 636 3787 pristinam
663 3717 784 3785 pulchri·
832 3715 921 3780 detur,
938 3714 1009 3769 iliius
1032 3716 1120 3771 oculis
1146 3714 1285 3789 sordidum
1313 3714 1626 3784 dupnotnerndinuranon

105 3830 120 3869 n
151 3813 252 3869 babere
283 3829 335 3867 trun
360 3822 469 3880 potest,
497 3828 552 3866 non
585 3810 685 3865 duritia
711 3810 780 3876 liei,
838 3806 926 3859 solum
944 3803 1039 3874 vulgus
1056 3805 1174 3874 ignobile
1189 3806 1306 3876 uilisque
1318 3805 1470 3872 plebecula,
1486 3806 1533 3861 sed
1550 3821 1627 3872 reges

106 3922 117 3962 a
138 3906 205 3963 sitio
231 3925 240 3965 ι
263 3907 327 3976 qnia
346 3906 441 3961 uolunt
458 3905 553 3960 audire
569 3908 650 3958 rerba
667 3902 739 3974 ejus,
753 3911 781 3957 et
832 3898 1016 3954 Ecclesiarum
1030 3896 1064 3951 do
1079 3898 1164 3967 stirpe
1187 3898 1245 3953 siue
1274 3897 1321 3951 lilii
1347 3897 1448 3962 ilarid,
1469 3897 1515 3967 qni
1531 3897 1627 3952 sedent

108 4010 138 4056 nt
164 4003 190 4055 in
219 4002 353 4071 pravitate
378 3999 469 4054 cordis
492 3998 545 4059 sni,
561 3997 618 4052 siue
639 3999 710 4068 qnod
731 3997 782 4052 sibi
833 3991 956 4061 resupini
969 3999 1116 4057 erectaque
1141 3988 1258 4052 ceruice,
1285 3999 1313 4043 et
1329 3997 1456 4058 protento
1473 3988 1627 4053 annualirnlo

131 4094 249 4155 ridetur,
275 4092 326 4148 boc
352 4090 463 4146 iaciunt.
485 4090 537 4145 Sed
566 4101 593 4143 ot
619 4090 677 4160 ipse
692 4104 783 4144 scruuo
833 4081 1053 4151 supertbronuru
1065 4080 1135 4148 ejus.
1151 4077 1315 4134 Sacerdotes
1329 4093 1438 4148 quoque
1453 4077 1517 4147 ipsi,
1530 4091 1629 4131 secuu-

124 4201 174 4241 cur
189 4185 260 4239 itaruc
288 4185 411 4253 posuerit
436 4181 656 4246 similitudinem,
671 4181 784 4250 exponit
834 4175 885 4228 dus
904 4174 931 4227 iu
953 4171 1139 4228 ecclesiastico
1169 4173 1273 4226 itooore
1299 4171 1410 4240 gradus,
1433 4177 1461 4224 et
1475 4169 1626 4238 propbetas,

115 4291 125 4330 ι
152 4273 229 4330 Sicut
258 4276 328 4327 ettt'm
354 4273 470 4328 aditoerei
495 4270 616 4326 inprims-e
633 4272 667 4324 ad
682 4269 784 4325 lumbos
835 4263 881 4334 (μή
905 4265 1032 4320 videnlur
1050 4262 1154 4319 habere
1185 4264 1330 4318 scientiam
1353 4261 1571 4330 Seripiurttrttm,
1602 4271 1629 4316 ei

106 4366 182 4422 reric
195 4366 357 4438 agglutinavi
372 4375 396 4420 et
406 4365 541 4419 adiacere
552 4363 671 4433 uraibiscoi
681 4377 784 4417 omnem
835 4369 931 4411 omnes
943 4355 1111 4411 habitatores
1128 4352 1290 4420 ierusalem,
1311 4370 1360 4425 pro
1384 4356 1517 4410 uarietate
1532 4369 1628 4424 pecea-

117 4459 214 4525 laroci,
230 4469 253 4513 et
269 4476 368 4513 omnem
386 4461 491 4512 donnum
507 4454 695 4518 Judn,‹leceun
707 4457 783 4510 uide·
799 4451 821 4508 li
837 4456 925 4501 torum
939 4446 1128 4516 complentur:
1147 4446 1206 4500 site
1220 4445 1300 4509 iuda,
1316 4455 1346 4501 ut
1367 4446 1496 4501 addidere
1512 4443 1629 4515 Septua-

106 4553 187 4609 ‚pm
209 4553 304 4615 grum,
321 4563 348 4604 ιη
367 4559 458 4605 essem
471 4550 536 4604 „ppt
554 4549 580 4603 ῑῃ
598 4548 725 4618 poputum
739 4563 786 4602 no.
836 4541 921 4610 ginta.
932 4540 1054 4609 Curtaque
1066 4536 1256 4603 ebriiiueriut,
1268 4539 1458 4610 disperguntur
1471 4554 1485 4594 a
1497 4541 1628 4596 societate

107 4662 133 4700 m
162 4654 190 4700 et
215 4645 243 4699 in
270 4645 375 4698 laudem
396 4651 423 4697 et
445 4642 471 4694 iu
488 4641 621 4709 gluriam3
639 4649 666 4695 et
678 4652 728 4709 pro
744 4639 787 4694 luis
837 4630 890 4690 sni,
906 4638 1080 4698 patresquea
1097 4626 1159 4680 tiliis
1176 4636 1203 4680 et
1217 4626 1292 4680 iiliia
1317 4628 1439 4696 patribus
1454 4635 1626 4696 separantur,

106 4756 128 4797 ts
138 4738 345 4794 nouaudieruut
360 4733 468 4798 rure,scd
478 4749 525 4790 sna
537 4733 600 4786 vitia
614 4742 677 4786 sunt
687 4731 785 4786 securri.
838 4733 866 4774 ut
881 4720 999 4775 diuersis
1011 4718 1167 4789 polluuntur
1182 4719 1341 4785 baeresibus,
1355 4728 1382 4773 et
1397 4719 1447 4772 sub
1461 4715 1562 4771 Claristi
1579 4729 1628 4767 uo·

124 4846 190 4900 ergo
211 4829 255 4897 apd
271 4840 358 4898 potest
374 4828 486 4880 dicere:
504 4822 573 4876 liiii
587 4831 675 4875 autem
698 4818 788 4872 odlroe-
838 4813 911 4869 turine
929 4814 1000 4869 inter
1017 4829 1047 4868 se
1061 4812 1253 4882 digladientur,
1271 4822 1299 4866 et
1322 4811 1450 4864 dimicent
1462 4817 1555 4862 contra
1568 4820 1626 4860 ma·

106 4932 140 4981 teo
164 4926 259 4979 boumn
274 4934 312 4976 est
327 4921 412 4990 (Psoi.
427 4933 511 4981 staur,
528 4917 585 4983 ab),
608 4930 642 4970 ne
656 4912 726 4967 iorte
740 4926 788 4979 per
838 4918 907 4964 trenn
923 4924 1011 4972 stram,
1025 4924 1085 4975 nrum
1099 4924 1147 4963 eus
1161 4908 1264 4977 genuit,
1277 4905 1436 4961 Ecclesium.
1452 4901 1529 4958 Urtde
1540 4902 1625 4959 dicit:

106 5016 195 5070 utiam
207 5013 241 5066 ab
251 5012 323 5066 itlius
336 5011 447 5065 renitms
460 5014 614 5076 separetur,
626 5011 653 5057 et
667 5013 704 5055 tra
712 5007 788 5055 ruseat
839 4999 899 5053 Non
911 4998 1066 5052 desiderabo
1082 5015 1126 5054 eor
1135 5017 1146 5063 ,·
1173 5000 1219 5054 sed
1233 5000 1294 5054 odio
1315 4996 1419 5051 babebo
1434 4992 1602 5063 sempiterno
1618 5009 1628 5057 z

106 5117 168 5162 uteru
189 5116 216 5160 et
237 5104 356 5168 detnrjin
373 5108 533 5170 potestatem
545 5097 618 5166 regis
629 5094 745 5164 Assyrii
761 5103 788 5148 et
838 5107 889 5144 non
901 5105 1021 5160 porcam,
1033 5099 1058 5144 et
1071 5106 1122 5145 aon
1140 5093 1294 5153 concedam,
1307 5102 1387 5155 nepae
1401 5084 1561 5139 miserebar:
1573 5099 1627 5137 rotun

106 5213 176 5271 puaur
203 5197 230 5250 iu
250 5193 414 5251 solidissima
433 5202 520 5260 patra,
539 5191 586 5245 sed
605 5190 632 5242 iu
657 5186 789 5243 imaruine
839 5188 1002 5243 crudelitate
1017 5184 1229 5248 senteutitc,sed
1246 5181 1360 5236 ueritate
1370 5176 1478 5250 judicii.
1490 5175 1541 5243 Qui
1555 5175 1628 5231 euim

106 5297 247 5358 corruptas,
277 5296 357 5354 atque
387 5286 498 5347 vitiatae,
514 5279 788 5344 transemundum·
840 5280 1041 5350 meospopuibs
1062 5277 1242 5339 trucidarunt,
1270 5274 1320 5342 ipsi
1352 5273 1379 5327 iu
1407 5269 1629 5337 aeteruumperi·

106 5382 203 5438 ›rdibus
219 5387 246 5435 et
262 5380 335 5433 uitiis
358 5388 519 5446 occupetur,
534 5381 562 5430 ct
573 5373 600 5428 in
616 5382 719 5428 tantam
742 5388 789 5427 re·
839 5371 917 5425 buras.
932 5370 1027 5423 Potest
1040 5368 1090 5422 boc.
1101 5378 1127 5421 et
1141 5366 1219 5436 juxta
1234 5364 1375 5420 historiam
1395 5361 1477 5434 933
1493 5358 1628 5427 simplici·

106 5475 302 5538 ttr·edincm,ut
321 5471 440 5524 lausum
458 5478 486 5522 et
508 5468 534 5521 iu
558 5465 721 5521 cinctorium
739 5463 790 5519 Do·
839 5473 882 5518 ter
907 5461 1006 5531 accipi,
1034 5458 1106 5529 quod
1133 5472 1222 5527 reges,
1254 5455 1421 5520 sacerdotes,
1452 5464 1480 5509 et
1511 5450 1628 5521 propinc-

108 5571 158 5625 ltra
173 5566 262 5622 redire
278 5579 330 5618 uon
346 5561 442 5632 possit.
841 5563 885 5620 tae,
897 5560 924 5607 et
949 5551 1039 5607 omnis
1056 5547 1173 5620 populus
1197 5543 1350 5602 irruentem
1379 5542 1557 5600 inebriandus
1588 5539 1626 5595 sit

106 5683 202 5738 tatirnm
220 5676 337 5745 pessimi,
356 5673 481 5743 ueuputein
499 5671 681 5734 liebraeoest,
704 5682 790 5739 surque
877 5663 1066 5743 ¹Suspiratur
1092 5658 1195 5740 Victor.
1229 5657 1372 5732 legendum
1402 5659 1465 5725 lino,
1494 5656 1566 5728 quud
1593 5658 1629 5710 de

106 5750 257 5824 uornpmiaua
275 5745 410 5801 tersione.
841 5735 913 5791 lineo
925 5733 1039 5790 iurrnubart
1058 5744 1148 5789 sermo
1162 5739 1208 5786 sut
