3788 6120
119 306 153 370 15
703 299 905 361 sensuali
926 297 1143 360 tatanotlltt
1598 253 1603 260 η
1716 302 1749 369 ib

107 426 313 492 ,christianas
334 437 428 485 aures
444 418 634 489 movissent,
652 416 683 478 in
700 413 968 494 interpretatione
983 413 1091 476 Latina
1109 420 1164 475 aut
1197 413 1328 491 penitus
1353 414 1561 491 subtraxerit,
1583 425 1638 483 aut
1666 436 1750 483 com·

62 493 77 605 l
119 529 217 588 modo
237 537 337 584 sensu
351 515 539 596 explicarit:
558 530 697 592 cumque
713 512 840 590 aliquot
855 510 889 572 in
905 509 989 573 hane
1002 525 1071 571 ram
1087 509 1236 588 exempla
1252 511 1454 586 adduxisset,
1468 514 1556 592 Hae,
1575 515 1695 595 inquit,
1718 521 1748 572 et

118 617 204 683 mille
223 617 289 680 aliu
311 614 360 676 bis
387 610 505 674 similia
518 612 551 672 in
568 607 884 688 interpretationibus
900 608 977 681 tuis,
1003 607 1117 667 sivein
1135 607 1185 669 bis
1200 609 1279 686 apsis
1293 607 1444 671 Homiliis
1461 609 1507 690 (in
1527 611 1667 689 Lucam),
1684 612 1749 671 sice

119 715 156 777 in
167 711 317 783 Ieremia,
330 704 378 768 vei
399 707 433 768 in
459 705 556 780 Isara,
571 703 706 763 manime
721 708 822 761 autem
837 701 870 760 in
894 699 1054 764 Hseebiele
1073 701 1277 766 subtraxisti.
1293 705 1363 767 Hoc
1378 703 1502 767 scilicet
1536 705 1675 785 palmare
1704 714 1750 767 est

117 816 345 891 argumentum
361 805 398 868 ad
415 801 573 866 Hamillus
593 800 626 861 in
654 798 767 860 isaiam
796 796 1057 877 Hieronymiane
1073 799 1339 877 ‚interpretationi
1355 801 1583 877 ascribendas;
1615 818 1687 864 nam
1719 809 1750 863 et

118 905 267 969 Hemilim
290 909 377 975 sunt,
397 899 485 978 quod
500 912 596 960 anemo
614 893 900 972 dubitantesque
916 893 972 955 abs
997 894 1197 974 Hieronymo
1220 904 1307 959 aaran
1333 898 1453 959 certius
1486 898 1519 961 in
1542 898 1688 960 Larinum
1709 915 1749 959 ex

118 1000 305 1065 adamantio
322 997 446 1066 retusae,
464 1009 538 1074 que
556 992 738 1072 precedunt
765 991 911 1070 proxime
939 1007 976 1052 ac
989 991 1235 1070 subsequuntur
1250 992 1285 1053 in
1298 993 1469 1055 Jcremiam
1503 1001 1534 1055 et
1547 993 1578 1054 in
1595 992 1747 1055 Ezeclrie-

117 1100 193 1162 lem.
213 1099 359 1158 Attamen
376 1109 440 1155 non
455 1107 524 1154 eam
538 1089 639 1151 luisse
655 1087 762 1149 Ruhui
778 1094 929 1159 mentem,
948 1086 1097 1167 nihilque
1115 1088 1208 1149 illum
1235 1093 1274 1152 de
1292 1089 1443 1152 Homiliis
1473 1090 1505 1153 in
1527 1092 1640 1153 isaiam
1660 1091 1748 1168 rogi-

115 1205 219 1270 tasse;
251 1193 306 1255 sed
334 1190 421 1252 aliud
448 1187 590 1250 voluisse
619 1185 806 1263 Hieronymi
830 1184 986 1260 scriptum
1006 1185 1040 1246 in
1059 1201 1132 1246 eum
1163 1186 1350 1264 prophetam
1366 1187 1515 1258 cavillari,
1534 1198 1564 1250 et
1582 1204 1638 1266 pro
1660 1200 1747 1249 certo

118 1293 234 1366 habeo,
251 1302 281 1353 et
299 1289 413 1368 paucis
430 1287 627 1348 demonstro.
643 1281 820 1360 scripserat
836 1283 868 1344 S.
890 1282 1007 1342 Ductor
1022 1281 1060 1342 ad
1076 1281 1245 1343 Damasum
1274 1289 1453 1357 tractatum,
1476 1284 1546 1346 sire
1580 1281 1745 1362 epistolant

117 1392 276 1456 innostra
296 1384 487 1450 recensione
501 1382 550 1453 ta,
568 1380 608 1442 de
621 1378 803 1458 Seraphim,
824 1395 898 1458 queo
914 1375 1006 1438 lsaie
1018 1376 1104 1440 Visio
1123 1385 1171 1439 est
1186 1395 1254 1456 cap.
1273 1387 1383 1442 sexto:
1399 1396 1540 1458 eumque
1559 1381 1676 1452 lovum,
1693 1379 1746 1439 ubi

116 1487 184 1551 duo
198 1483 360 1561 Seraphim
377 1479 538 1543 stantiain
556 1479 693 1541 circuitu
711 1475 830 1547 throni,
848 1486 879 1538 et
899 1474 1065 1536 clamantia
1098 1474 1338 1550 describuntur,
1371 1495 1444 1557 quae
1470 1478 1622 1557 Origenes
1648 1494 1748 1554 expo-

112 1589 228 1644 ·suerat
252 1564 428 1641 Hominum
447 1583 594 1636 nastrum
610 1576 721 1635 lesum
733 1572 906 1646 Christum,
918 1579 949 1634 et
962 1571 1115 1649 Spiritum
1133 1583 1290 1647 sanctum,
1307 1573 1363 1635 ille
1381 1591 1438 1652 pro
1467 1577 1582 1636 Vetere
1598 1591 1634 1635 ac
1658 1575 1748 1635 Novo
1779 1612 1783 1620 ·

118 1680 322 1740 Testamenta
347 1681 396 1735 est
412 1673 652 1744 interpretatus,
664 1667 717 1730 illa
734 1669 907 1739 sententia,
921 1668 953 1729 in
970 1686 1064 1748 quam
1076 1669 1177 1731 Greci
1195 1671 1365 1750 Latinique
1379 1673 1499 1752 passim
1511 1681 1747 1742 concesserant,

115 1772 228 1834 mullis
248 1770 436 1848 improbata.
454 1769 567 1828 Postea
587 1783 645 1827 nec
664 1763 764 1825 semel
781 1781 854 1826 cum
869 1764 968 1826 veluti
989 1765 1137 1843 origenis
1163 1775 1359 1847 symmystes
1383 1769 1540 1848 iniuriose
1564 1767 1603 1829 ab
1624 1767 1748 1828 emulis

117 1869 352 1938 traduceretur,
384 1870 540 1943 quantum
570 1862 609 1921 ab
635 1860 705 1939 ejus
736 1859 860 1937 placitis
888 1861 1086 1936 abhorreret,
1112 1865 1171 1927 lsac
1199 1865 1271 1942 ipso
1296 1869 1445 1945 exemplo
1467 1867 1696 1945 comprobarit.
1714 1867 1747 1927 td

119 1965 227 2026 videre
243 1971 291 2023 est
319 1976 392 2023 cum
411 1960 503 2031 alibi,
518 1966 586 2018 tum
607 1956 767 2034 precipue
784 1956 877 2034 epist.
895 1958 947 2031 85,
962 1959 1254 2022 ad'l’ammaahium
1273 1970 1303 2022 et
1327 1962 1500 2038 Oceanum,
1522 1979 1611 2023 rrum.
1630 1961 1660 2034 3,
1678 1962 1746 2034 nbi,
1849 1981 1852 1986 ·

117 2061 159 2122 In
186 2057 327 2130 laertem,
356 2054 596 2132 inquit,1saia,
629 2052 662 2112 in
677 2069 739 2131 qua
763 2051 825 2114 duo
854 2052 1018 2134 Seraphim
1047 2053 1217 2116 clamantia
1236 2054 1473 2126 deseribuntur,
1496 2056 1551 2117 etto
1584 2057 1746 2137 (origene)

120 2158 354 2233 interpretante
388 2148 509 2210 Filium
534 2157 562 2208 et
585 2148 742 2226 Spiritum
761 2157 916 2223 sanetum,
940 2167 1043 2211 noane
1069 2169 1123 2229 epa
1146 2151 1358 2214 detestandam
1381 2153 1608 2233 expositionem
1629 2157 1663 2216 iu
1686 2153 1747 2214 duo

119 2252 316 2315 Testamenta
341 2247 484 2306 mutavi?
513 2241 657 2304 Habetur
684 2243 766 2303 iiber
793 2246 826 2304 in
854 2245 997 2307 manibus
1012 2256 1083 2308 ante
1108 2249 1224 2328 viqinti
1248 2267 1348 2311 annos
1375 2248 1489 2311 editus.
1508 2251 1566 2311 Hic
1581 2251 1747 2315 eninrvrro

118 2346 248 2410 libellus
265 2350 392 2417 esl,seu
404 2339 601 2402 tractatusde
614 2338 707 2410 isaiae
723 2339 869 2411 visione,
884 2359 979 2418 quem
1004 2351 1091 2406 notat
1114 2346 1250 2406 lluonns
1267 2363 1274 2406 :
1298 2344 1365 2408 haec
1380 2347 1572 2425 origeniana
1597 2347 1649 2406 illa
1675 2348 1747 2425 opi-

116 2443 218 2516 natio,
238 2456 333 2520 quam
356 2436 401 2500 ait
441 2436 503 2497 sibi
520 2434 711 2514 permisisse.
723 2434 954 2516 Hieronymum
970 2437 1009 2499 ab
1024 2456 1062 2501 eo
1084 2457 1179 2518 quern
1197 2441 1383 2519 praeiet-ebat
1399 2458 1509 2512 sensu,
1526 2443 1564 2502 ad
1581 2443 1747 2502 meliorem

116 2542 317 2604 matertera.
337 2532 441 2595 Nulla
457 2530 509 2593 hie
527 2528 676 2591 Homllire
692 2538 768 2590 strat
791 2531 825 2591 in
845 2532 960 2594 lselam
981 2551 989 2595 ε
1017 2534 1164 2614 nihilque
1191 2536 1224 2598 in
1243 2555 1282 2599 eo
1299 2537 1509 2606 laborandum
1534 2547 1567 2599 ul
1584 2537 1615 2597 in
1638 2554 1747 2597 carrum

118 2635 234 2717 prima,
252 2630 340 2710 quod
355 2629 428 2691 lacit
448 2625 685 2698 Titlemoutius,
702 2626 806 2688 locum
823 2629 989 2691 commoda
1005 2629 1269 2708 interpretatione
1286 2633 1423 2695 oblitum
1437 2677 1446 2707 ,
1462 2641 1517 2695 aut
1535 2634 1628 2711 palene
1651 2633 1747 2694 dissi·

119 2730 272 2794 mutatum
285 2724 437 2805 reperias.

156 2826 218 2890 sed
235 2819 439 2901 ut,'explosis
455 2820 611 2900 queillas
626 2821 810 2884 astruebant
832 2824 1043 2899 argumentis,
1061 2822 1192 2887 demum
1208 2832 1240 2887 et
1263 2842 1376 2890 causas
1401 2824 1574 2888 nonnullas
1604 2825 1748 2905 protera-

117 2940 202 2999 mus,
216 2920 335 3001 quibus
349 2925 484 2991 constet,
503 2917 701 2996 Hieronymo
716 2920 847 2999 penitas
872 2917 1126 2997 abjudicandas:
1154 2921 1311 3000 optimum
1339 2922 1421 2984 illud
1435 2939 1506 2984 curn
1535 2922 1648 2998 primis
1672 2939 1747 2985 esse

115 3021 217 3085 aelim
231 3013 375 3096 antiquis
389 3012 598 3091 scriptoribus
613 3014 873 3077 internoscendis
891 3022 1128 3092 argumentum,
1145 3018 1232 3095 qued
1259 3034 1298 3079 ex
1324 3015 1409 3096 styla
1423 3016 1573 3080 sumitur.
1599 3019 1681 3079 Tum
1699 3035 1747 3079 aas

113 3116 173 3181 ille
195 3114 229 3178 in
244 3110 496 3190 Hieronymiaaa
518 3109 659 3172 lectione
677 3109 770 3188 plane
788 3109 906 3190 hospes
927 3109 981 3185 sit,
998 3110 1056 3189 qui
1071 3112 1302 3190 semilatinum,
1326 3113 1447 3193 nequid
1471 3113 1543 3193 plus
1558 3114 1675 3188 dicum,
1696 3115 1748 3177 in-

116 3221 301 3293 terpretem,
320 3223 375 3288 pro
389 3205 587 3286 Hieronymo
613 3206 742 3269 habeat.
756 3207 908 3282 Huetius,
928 3208 1056 3287 opinor,
1077 3226 1149 3270 cum
1177 3228 1217 3272 est
1236 3225 1275 3273 en
1300 3210 1446 3289 quaedam
1468 3210 1603 3273 adduxit
1634 3211 1748 3273 madias

116 3305 297 3373 Latinitatis
317 3298 471 3366 rocabirla
488 3302 526 3364 ati
544 3310 794 3382 praeconceptam
816 3304 1005 3382 opinionem
1019 3307 1238 3380 asserendam,
1255 3323 1352 3387 quam
1376 3312 1484 3384 plotius
1511 3309 1612 3370 everti
1644 3318 1749 3370 osten·

117 3404 228 3466 diruas
242 3399 492 3479 comparatione,
518 3401 620 3460 multa
643 3404 748 3460 tamen
777 3399 841 3460 illis
868 3403 1018 3479 sequiora
1032 3403 1147 3465 callide
1167 3403 1379 3468 dissimularit
1398 3423 1405 3461 :
1423 3404 1509 3484 quod
1526 3390 1627 3484 gertus
1657 3417 1745 3481 sunt,

117 3495 307 3582 navaliter,
320 3493 500 3564 invenibile,
517 3492 599 3555 illud
612 3496 823 3573 nepotiorum,
842 3512 897 3575 pro
915 3496 997 3559 tttud
1008 3499 1066 3571 rel,
1092 3499 1338 3578 magniloquax,
1358 3500 1519 3579 sufficiens
1530 3502 1604 3575 isto,
1617 3517 1676 3579 pro
1690 3499 1747 3560 baa

119 3605 282 3659 contentus
296 3609 342 3666 re,
356 3600 451 3669 atque
465 3588 516 3652 his
532 3590 651 3651 similia
661 3606 669 3664 ;
690 3589 786 3670 hujus
810 3595 896 3653 enim
913 3593 1079 3672 elegantia
1094 3600 1179 3655 totus
1195 3603 1241 3656 est
1257 3613 1364 3658 sermo
1389 3596 1548 3676 reliquus,
1568 3595 1748 3659 sultobscu·

110 3708 187 3766 trus,
205 3687 452 3768 incompositus,
469 3700 509 3746 ne
524 3687 564 3746 de
586 3687 711 3765 syntaxi
725 3688 827 3748 dicam
840 3698 894 3749 aut
909 3690 1038 3768 agresti,
1056 3696 1112 3750 aut
1127 3690 1325 3752 adorearum
1348 3691 1419 3753 licta
1443 3691 1624 3770 pueriliter.
1641 3690 1747 3770 stylus

116 3790 192 3864 iste,
208 3789 235 3850 si
251 3785 341 3865 quod
357 3781 460 3844 serario
477 3782 616 3861 proliteri
641 3782 745 3856 liceat,
767 3784 875 3845 itarital
892 3797 951 3859 est,
967 3803 1064 3863 quem
1079 3795 1110 3847 et
1124 3786 1261 3848 anaxime
1275 3787 1483 3866 origenianis
1498 3787 1747 3867 scriptisLetine

118 3885 369 3967 interpretandis
387 3882 519 3946 dedisse
534 3898 677 3961 operam,
695 3889 724 3942 et
740 3881 883 3944 barbarae
896 3881 1069 3944 locutionis
1087 3887 1148 3943 tam
1164 3898 1248 3961 sepe
1265 3885 1411 3946 accusari
1425 3886 1546 3947 scimus
1561 3887 1617 3947 abs
1628 3886 1746 3946 Hiero·

119 4000 230 4067 nyma,
247 3990 282 4045 ut
296 3981 336 4045 de
351 3979 471 4043 Graecis
487 3979 581 4041 bonis
603 3980 712 4040 Latina
729 3979 841 4041 iecisse
855 3979 1018 4041 diceretur
1044 3994 1110 4040 nen
1136 3977 1230 4041 bona.
1248 3979 1342 4054 Quod
1360 3981 1388 4043 si
1407 3998 1472 4043 rem
1490 3999 1548 4043 acu
1565 3981 1667 4061 tetigi,
1681 3982 1746 4042 mi-

120 4100 173 4145 ror
199 4080 311 4158 magis,
327 4079 477 4139 Reatinum
494 4074 598 4153 ipsum
621 4074 763 4152 propriis
778 4074 897 4137 letibus
915 4093 973 4155 pro
999 4076 1104 4138 aliena
1132 4078 1243 4141 sobole
1265 4080 1487 4158 supponendis
1507 4078 1655 4141 adhiberi
1673 4079 1747 4140 tide-

102 4178 294 4259 'jussnrum
311 4174 378 4235 Jam
396 4189 471 4234 aero
483 4168 639 4248 tqueelia
655 4177 729 4231 sunt
748 4173 907 4233 rationum
924 4182 1095 4251 momenta,
1113 4183 1147 4238 ut
1160 4177 1217 4239 ahs
1232 4176 1494 4255 Hieronymianis
1510 4176 1746 4253 removeantur)

119 4278 152 4337 5.
169 4274 259 4335 Pater
273 4288 345 4332 curn
363 4275 475 4330 cetera
496 4265 528 4326 iu
551 4265 697 4344 catalogo
713 4268 924 4341 recensuerit,
941 4288 1014 4350 qum
1029 4290 1068 4334 ex
1086 4273 1221 4350 origene
1245 4272 1348 4335 luerat
1372 4272 1614 4350 interpretatus,
1636 4272 1748 4333 Homi-

89 4403 91 4410 ·
121 4372 236 4436 liuram
252 4367 285 4429 in
305 4365 419 4427 isaiam
437 4378 602 4440 nunquam
624 4362 793 4423 meminit:
811 4380 920 4444 neque
935 4367 1098 4448 integrunt
1113 4376 1162 4428 est
1177 4367 1315 4447 opinari,
1331 4378 1401 4446 post
1419 4367 1606 4444 catalogum
1617 4384 1745 4430 manum

91 4412 230 4532 'aarum
256 4461 512 4542 interpretationi
534 4458 737 4534 admovisse,
766 4462 805 4522 ab
835 4478 874 4524 eo
900 4463 984 4524 enirn
1014 4471 1158 4542 tempore
1172 4463 1360 4542 origeniana
1376 4463 1518 4526 doctrina
1536 4464 1567 4522 in
1597 4462 1745 4525 heresim

119 4563 320 4645 prolabente,
334 4559 376 4620 ita
391 4557 477 4620 illam
497 4557 606 4619 animo
626 4556 811 4635 exspumat
826 4561 991 4621 cont‘utarc
1019 4561 1137 4638 potius,
1157 4576 1254 4638 quam
1278 4559 1399 4621 Latinis
1417 4559 1586 4637 propinare
1615 4560 1747 4624 auribus

95 4626 272 4739 idciurreps
288 4653 461 4718 studuerit.
482 4655 528 4714 nd
547 4653 613 4714 hae
638 4655 671 4713 in
687 4653 765 4731 ipsis
783 4653 816 4714 in
841 4655 953 4715 isaiam
979 4651 1235 4726 Commentariis,
1251 4668 1325 4713 cum
1344 4651 1481 4713 subinde
1497 4655 1568 4731 ejus
1589 4653 1748 4716 versionis

120 4750 533 4822 commemorandeiuissel
552 4752 670 4813 nedum
687 4751 825 4824 occasio,
842 4753 899 4812 sed
927 4750 1111 4823 necessitas,
1138 4764 1304 4829 nunquam
1331 4748 1499 4812 meminitz
1523 4757 1552 4812 et
1579 4752 1611 4812 ln
1638 4750 1718 4813 Praei
1734 4782 1748 4794 -

120 4856 209 4917 tione
229 4852 347 4932 prioris
371 4849 443 4911 libri
456 4864 528 4911 cum
541 4848 628 4927 ipsas
657 4847 764 4908 laudet
778 4847 1031 4926 vigintiquinque
1047 4843 1205 4905 Homiliue
1222 4845 1370 4924 origenis
1394 4845 1426 4905 in
1444 4843 1530 4907 laune
1546 4844 1746 4923 prophetam,

121 4965 162 5012 ne
178 4949 272 5010 rerba
287 4947 418 5027 quidem
433 4944 563 5009 axillis
583 4961 698 5005 novem
724 4944 799 5004 istas
827 4946 935 5005 Latine
966 4959 991 5026 a,
1011 4959 1046 5004 se
1070 4943 1210 5006 redditas
1234 4952 1356 5005 monet.
1382 4943 1529 5021 beatique
1554 4951 1585 5004 et
1612 4942 1748 5021 Prologo

121 5053 230 5108 carent
255 5041 401 5105 Homiliae
428 5040 517 5115 iste,
541 5040 628 5118 quad
659 5056 757 5101 unum
789 5056 861 5101 esse
888 5039 1060 5102 discrimen
1087 5043 1126 5103 ad
1157 5042 1427 5120 Hieronymianas
1454 5040 1494 5102 ab
1527 5040 1666 5101 aliorum
1698 5040 1748 5100 in-

122 5141 407 5221 terpretationibus
441 5139 706 5202 internoscendas
731 5145 817 5200 notat
842 5138 990 5199 detestas
1015 5158 1023 5202 :
1048 5149 1157 5201 carent
1191 5155 1324 5218 quoqne
1354 5155 1430 5200 mss.
1461 5139 1667 5210 auctoritate,
1696 5149 1749 5199 aut

122 5239 238 5302 veteris
266 5236 402 5314 alicujus
425 5236 603 5298 testimonii
635 5234 797 5312 sutfragia·
818 5251 825 5294 ε
850 5244 946 5311 atque
971 5245 1005 5297 ut
1031 5236 1131 5298 semel
1159 5236 1282 5309 dicam,
1312 5235 1355 5298 ita
1385 5235 1441 5297 abs
1475 5236 1664 5314 Hieronymi
1698 5236 1748 5295 in-

120 5340 217 5422 genio
239 5333 418 5408 dissident,
439 5342 472 5396 ut
497 5331 604 5396 mirari
624 5348 690 5394 non
709 5331 866 5406 desinam,
883 5332 1088 5396 doctissimos
1107 5333 1191 5396 viros
1206 5333 1323 5395 trabere
1336 5330 1405 5393 illas
1418 5346 1476 5410 pro
1489 5330 1749 5410 Hieronymiaais

122 5432 281 5519 poluisse.

160 5558 297 5619 Tamum
312 5551 431 5615 claudit
444 5553 485 5611 tn
493 5550 609 5612 isaiam
625 5549 761 5630 paruula
775 5549 970 5612 abbreviatio
991 5548 1028 5610 de
1050 5549 1202 5629 capitulis
1218 5551 1349 5630 paucis,
1365 5549 1460 5628 cujus
1476 5556 1634 5628 quantum
1655 5561 1750 5626 opor·

120 5658 186 5718 test
208 5652 244 5714 ad
258 5647 439 5712 laciendum
457 5648 498 5709 de
511 5649 649 5709 tractore
663 5646 867 5724 periculum,
893 5662 977 5708 nunc
995 5647 1133 5724 primum
1160 5646 1191 5707 ln
1218 5647 1321 5707 lucem
1346 5646 1481 5708 edituus.
1500 5644 1679 5709 Ascribitur
1697 5640 1751 5703 illa

123 5750 252 5825 quidem
277 5748 473 5824 Hieronymo
500 5744 532 5804 in
561 5744 756 5804 l'eronansis
779 5743 980 5806 bibliothecae
1011 5741 1237 5821 antiquissima
1270 5751 1364 5820 atque
1395 5744 1526 5818 optime
1551 5757 1623 5804 eum
1638 5738 1750 5818 primis
