3788 6120
712 422 1113 541 PttAEtattO.

132 822 209 900 Quae
222 820 386 886 lectorem
404 832 601 902 praemonere
619 831 776 901 oporteat,
795 840 858 886 non
883 830 945 886 tam
966 822 1028 886 mei
1045 840 1188 888 muneris
1210 827 1346 889 ornandi
1364 829 1480 906 gratia,
1498 845 1594 909 quam
1612 839 1645 892 ut
1664 829 1721 893 ille

93 922 284 984 instructior
299 920 337 981 ad
356 919 529 999 legendum
547 920 687 992 accedat,
706 922 816 999 paucis
831 921 1011 996 expediam.
1031 922 1281 985 Commentarios
1295 925 1327 985 in
1357 925 1470 990 lsaiam
1502 944 1539 989 ac
1555 929 1727 990 teremiam

93 1018 317 1097 complectitur
330 1023 465 1096 quartus
483 1017 544 1078 iste
559 1016 888 1095 Hieronymianorum
903 1032 1037 1098 operum
1053 1025 1170 1080 tomus.
1182 1021 1288 1098 Atque
1300 1019 1349 1081 illi
1365 1022 1497 1100 quidem
1514 1024 1569 1102 qui
1589 1023 1726 1101 priorem

94 1117 280 1192 proplietam
308 1112 480 1186 errilicant,
513 1113 624 1174 decom
645 1120 678 1173 et
696 1118 767 1175 octo
788 1111 861 1174 libri
882 1119 979 1175 sunt:
1006 1128 1145 1194 quorum
1177 1114 1326 1192 quintus,
1341 1116 1398 1194 qui
1428 1119 1539 1180 decem
1573 1118 1740 1180 Visiones¹
1779 1142 1808 1152 ··

93 1209 246 1273 historica
273 1208 499 1288 explanatione
528 1209 749 1290 prosequitur,
783 1209 841 1270 diu
869 1211 1042 1286 autequam
1073 1208 1107 1268 ia
1142 1208 1331 1270 universum
1372 1209 1559 1289 prophetam
1586 1212 1727 1273 scribere

93 1307 125 1368 S.
160 1309 276 1368 llnctcr
304 1305 515 1378 instituisset,
543 1305 680 1382 abipso
711 1313 760 1366 est
775 1301 998 1377 elucubratus,
1018 1302 1099 1365 hanc
1115 1303 1230 1365 sedulo
1245 1304 1397 1381 erigente
1419 1302 1553 1385 operam'
1576 1307 1720 1370 nmabltc
1782 1345 1785 1352 ·

95 1403 202 1463 nescio
220 1420 286 1481 quo
299 1402 471 1476 Hannonlae
486 1401 631 1480 regionis
647 1400 811 1479 episcope,
825 1401 917 1480 cnjus
933 1406 964 1460 et
980 1397 1104 1460 nomini
1121 1397 1323 1460 inscribitur.
1343 1401 1453 1462 Postea
1471 1418 1541 1463 cum
1559 1402 1592 1464 in
1610 1421 1643 1464 se
1670 1421 1723 1466 re-

93 1498 232 1575 cepisset
245 1501 356 1560 lsalnm
375 1516 414 1560 ex
428 1499 555 1576 integro
570 1512 746 1574 exponere,
763 1514 838 1559 eum
856 1513 987 1576 quoque
1011 1495 1130 1558 librum
1162 1499 1393 1560 courmentario
1408 1498 1556 1564 inseruit.
1574 1519 1612 1561 ne
1632 1518 1726 1580 quam

93 1603 186 1655 antea
203 1596 400 1672 explicuerat
410 1611 521 1656 earum
539 1593 707 1655 visionum
723 1591 892 1655 historiam
909 1591 1074 1670 supterlluc
1086 1591 1444 1674 replicaretzsclamqua
1466 1595 1548 1659 adeo
1562 1613 1729 1677 anagogen

95 1690 223 1752 duobus
236 1687 531 1770 subsequentibus,
545 1696 636 1751 sexto
650 1705 686 1751 ac
701 1689 853 1768 septime,
870 1690 1047 1766 percutient
1064 1690 1234 1751 Visionum
1260 1691 1362 1768 capita
1386 1709 1567 1764 recurrens,
1595 1703 1728 1774 preter·

95 1788 193 1848 missa
207 1786 355 1860 historia,
370 1785 642 1866 investigatllum
657 1784 906 1863 porrodiximus
918 1783 952 1845 in
970 1785 1054 1847 notis
1070 1784 1318 1862 elnonotogicts
1331 1787 1369 1849 ad
1383 1787 1552 1865 epistolam
1567 1790 1599 1851 in
1616 1799 1727 1856 nostra

95 1882 334 1946 recensionem
350 1883 388 1944 ad
406 1897 527 1944 annum
542 1882 703 1961 pertinere
725 1880 795 1951 tet,
813 1895 909 1960 quam
936 1879 1090 1960 epocham
1107 1880 1133 1942 si
1163 1881 1273 1944 denuc
1294 1883 1347 1945 hic
1360 1882 1497 1946 velimus
1525 1889 1727 1962 arguruenlis

97 1981 250 2060 experiri,
272 1979 368 2041 nimis
384 1979 484 2040 multa
502 1979 640 2041 dicenda
656 1979 723 2041 sint
752 1977 992 2056 repetendaque
1007 1994 1099 2057 regrrn
1116 1979 1329 2054 valetudinis,
1345 1980 1380 2041 in
1403 1994 1498 2060 quam
1516 1981 1728 2063 subsequenti

98 2092 183 2138 anno
199 2076 417 2153 Hieronymus
434 2074 558 2147 incidit,
578 2084 651 2137 nota
669 2071 876 2150 chronologis
892 2081 983 2134 antea
999 2089 1063 2136 non
1087 2075 1319 2146 animadversa.
1341 2078 1504 2158 multaque
1524 2077 1556 2139 in
1574 2095 1644 2142 eam
1661 2098 1727 2144 rem

97 2174 227 2252 longius
244 2172 447 2243 arcessenda,
476 2188 550 2250 quie
572 2171 610 2233 ad
633 2171 791 2234 laudatam
812 2167 996 2248 epistolam,
1012 2177 1044 2232 et
1057 2171 1094 2233 ad
1113 2168 1149 2233 tt
1162 2179 1193 2234 et
1211 2169 1251 2234 *li
1277 2180 1461 2253 opportuno
1489 2174 1590 2255 magis
1605 2175 1730 2238 edisse·

98 2270 238 2332 ruimus.
265 2270 357 2331 Nune
382 2269 485 2346 ipsius
504 2267 734 2331 Courmentarii
761 2267 794 2328 in
810 2265 998 2328 universum
1016 2267 1202 2346 prophetam
1226 2276 1301 2331 telas
1327 2270 1497 2349 querenda
1527 2280 1608 2333 est:
1639 2272 1726 2351 quod

99 2373 204 2428 tamen
219 2370 328 2444 utpote
345 2364 432 2444 longi
447 2363 556 2444 operis
581 2364 726 2426 studium
759 2377 822 2423 non
838 2360 896 2423 utri
911 2375 995 2422 enno
1022 2363 1238 2442 ascripserim,
1255 2366 1395 2429 maxime
1408 2383 1482 2428 cum
1499 2374 1531 2429 et
1549 2367 1623 2430 eliis
1652 2377 1730 2431 tunc

98 2461 302 2524 luissccuris
318 2462 509 2535 distentum,
526 2468 557 2523 et
574 2459 772 2521 notariorum
788 2456 947 2520 laborasse
960 2457 1082 2537 inopia,
1113 2459 1256 2541 denique
1282 2469 1372 2525 telate
1394 2470 1425 2524 et
1448 2464 1594 2543 corporis
1624 2464 1730 2529 imbe-

100 2557 233 2620 cillitate
250 2556 434 2620 contectum
453 2575 488 2619 se
500 2557 532 2619 in
545 2553 788 2620 prefationibus
808 2553 962 2617 librorum
986 2554 1082 2618 dicat.
1100 2558 1140 2617 Αι
1159 2557 1237 2619 satis
1251 2558 1382 2639 quidem
1400 2560 1525 2623 eruditu
1547 2554 1728 2624 Tillcmon·

100 2656 167 2717 tius
179 2656 344 2733 inceptum
364 2669 448 2733 opus
463 2669 549 2717 anno
564 2652 623 2716 l08
638 2649 917 2731 subsequentibus
933 2666 1019 2713 norro
1039 2658 1095 2714 ant
1117 2650 1243 2716 decimo
1261 2656 1725 2734 snprcquadringentesimum

100 2751 264 2829 expletum
281 2749 524 2828 perlectumque
540 2749 712 2812 arbitratus
729 2753 789 2809 cst.
805 2745 991 2826 conjecerat
1004 2749 1091 2810 enim
1115 2749 1302 2814 Stilichonis
1329 2768 1454 2828 necem,
1473 2769 1544 2833 qure
1557 2755 1633 2816 anni
1667 2749 1730 2820 bos

101 2838 211 2909 mense
225 2850 368 2926 Augusto
384 2854 505 2928 patrata
521 2854 583 2921 est,
596 2845 741 2907 denotari
759 2843 793 2905 in
811 2843 970 2906 undecimi
997 2842 1070 2906 libri
1088 2844 1277 2909 prelatione
1302 2846 1345 2910 iis
1361 2848 1486 2923 verbis,
1508 2848 1625 2929 quibus
1641 2868 1676 2914 sc
1690 2853 1731 2915 ab

100 2944 236 3022 impacta
254 2944 426 3017 calumnia,
442 2946 529 3024 quod
562 2943 732 3006 Barbarum
748 2938 884 3002 Romani
902 2939 1015 3003 ducem
1031 2942 1190 3005 exercitus
1206 2943 1423 3023 suggillasset,
1450 2955 1563 3023 purgat
1581 2948 1730 3012 sanctiss.

101 3041 303 3114 Doctor,Nec
324 3049 381 3114 est,
399 3040 561 3120 inquiens,
589 3036 748 3120 generalis
773 3037 947 3117 disputatio
975 3039 1069 3101 unius
1090 3056 1231 3118 persone
1245 3040 1367 3121 injurie
1385 3061 1395 3102 .·
1416 3058 1484 3122 qne
1500 3058 1569 3102 cunr
1594 3041 1730 3124 benigne

99 3154 238 3199 meorum
250 3136 356 3199 studio
368 3145 544 3210 caveretur,
563 3136 621 3198 bet
625 3133 752 3217 jndicio
766 3141 892 3213 repente
901 3133 1026 3196 mblctc
1041 3145 1099 3199 ert.
1116 3137 1251 3211 Verum,
1270 3143 1305 3199 ut
1327 3136 1395 3201 htec
1410 3154 1564 3218 perquam
1585 3143 1729 3219 proxima

103 3238 229 3300 veritati
244 3237 427 3316 conjectura
443 3236 497 3307 sit,
522 3251 597 3297 eum
612 3233 745 3314 quidem
763 3231 882 3295 librum
894 3231 1081 3295 Stilichonis
1107 3234 1318 3312 posteriorem
1336 3243 1436 3297 morte
1452 3244 1548 3307 ἁπλῶς
1563 3251 1646 3310 esse,
1664 3254 1731 3303 εοε

101 3341 208 3398 autem
223 3342 346 3413 quanto
360 3331 514 3410 temporis
529 3331 646 3409 spatio,
664 3329 1085 3403 indicaveritouamobrcm
1100 3330 1221 3394 certior
1231 3331 1333 3394 multo
1345 3331 1417 3409 ejus
1432 3328 1563 3411 epochte
1580 3335 1660 3396 ratio
1670 3343 1731 3411 est,

102 3447 175 3512 qute
189 3429 375 3492 exaliarum
399 3429 483 3490 serie
500 3426 756 3489 lucubrationum
772 3424 948 3504 colligitur,
965 3431 996 3488 et
1007 3443 1081 3489 cum
1099 3425 1213 3503 primis
1230 3426 1458 3490 commentarii
1474 3428 1731 3503 inEzeclrielem,
1786 3505 1790 3512 Ι

103 3543 199 3607 quem
212 3544 284 3588 rrum
302 3526 427 3587 ineunti
445 3542 531 3587 anno
547 3524 599 3586 tlt
620 3523 831 3596 ascribamus,
848 3537 905 3599 pro
931 3530 1017 3585 certo
1042 3537 1174 3602 quoquc
1194 3521 1360 3598 llalremus,
1388 3532 1516 3587 auctore
1533 3526 1600 3605 ipse
1621 3526 1733 3606 lideju·

104 3623 240 3685 bentain
257 3622 458 3694 Prrelaticnc,
481 3638 592 3684 recens
607 3622 736 3699 expleto
752 3619 785 3680 in
801 3617 916 3679 lsaiam
933 3617 1183 3690 commentario,
1201 3617 1400 3682 inchoatum.
1412 3620 1546 3696 Finitis,
1563 3622 1680 3702 inquit,
1697 3623 1733 3685 in

106 3721 222 3783 isaiam
238 3719 379 3783 decernet
391 3725 460 3782 ecto
476 3717 750 3799 Explorationnnt
761 3711 984 3785 columinibus,
1009 3712 1051 3773 cd
1068 3712 1212 3775 Ezechiel
1216 3759 1278 3776 .....
1291 3717 1429 3776 transire
1445 3717 1606 3798 cupiebam
1609 3762 1670 3780 .....
1689 3719 1734 3780 Et

64 3888 71 3897 ι
109 3834 174 3876 ecce
201 3815 305 3878 subite
325 3834 411 3877 mers
432 3816 512 3877 mibi
533 3814 727 3878 Pammncbit‘
753 3821 845 3894 etque
869 3805 1037 3882 Marcelle,
1066 3809 1214 3870 Romnae
1238 3810 1329 3872 urbis
1348 3810 1482 3888 obsidio,
1505 3810 1734 3893 multorumque

104 3913 245 3991 fratrum
260 3922 289 3974 et
302 3907 447 3975 acrarum
462 3913 611 3976 dormitio
628 3912 775 3974 nuntiate
799 3918 855 3982 eet,
866 3916 898 3971 et
911 3913 1038 3979 caetera,
1053 3919 1126 3983 quai
1144 3920 1209 3966 uno
1221 3911 1332 3968 tenore
1355 3906 1612 3987 subsequuntur,
1629 3907 1732 3970 idem·

106 4028 168 4088 que
180 4011 498 4090 tempusdesignant.
518 4009 667 4074 Vicissim
680 4025 721 4071 nc
737 4007 846 4087 operis
857 4003 988 4067 initium
1003 4007 1076 4064 ante
1087 3999 1440 4081 quadringentesimum
1453 4000 1611 4066 decimum
1624 4013 1731 4083 putes,

106 4104 168 4169 boc
184 4113 267 4168 retat
284 4122 360 4168 sane
381 4106 678 4169 luculentissimum
699 4101 922 4167 testimonium
938 4098 971 4161 in
988 4096 1234 4162 Commentariis
1252 4096 1286 4158 in
1301 4095 1408 4175 ipsum
1423 4098 1539 4160 lsciam
1557 4100 1655 4162 tertio
1671 4110 1733 4161 sta-

107 4205 164 4265 tim
181 4202 260 4264 linrc
277 4218 286 4262 τ
307 4203 350 4263 De
361 4201 419 4262 nac
442 4202 566 4265 l'isione
573 4199 764 4282 (Seraphim)
776 4207 848 4259 ente
858 4212 957 4258 annos
972 4193 1101 4255 circiter
1110 4191 1245 4271 triginta
1257 4209 1327 4252 cnm
1337 4192 1732 4273 essem'conrtantincpoli,
1746 4176 1763 4257 i

106 4306 136 4358 et
161 4298 246 4377 upnd
271 4298 374 4359 virum
406 4296 694 4378 eloquentissimum
716 4295 904 4375 Gregorinm
921 4290 1158 4355 Nazianzenum
1186 4298 1260 4351 tnnc
1277 4288 1414 4370 ejusdem
1437 4287 1526 4352 nette
1557 4293 1735 4372 episcopum

104 4394 533 4473 sanctarumScripturcrnrn
547 4393 663 4454 studiis
678 4391 835 4463 erudirer,
847 4390 912 4452 scio
928 4405 976 4450 mc
992 4384 1114 4449 breuem
1125 4387 1261 4451 dictasse
1287 4387 1482 4471 subitumque
1496 4396 1676 4467 tractatum,
1696 4402 1735 4452 nt

105 4493 354 4571 experimentum
380 4506 520 4570 caperem
539 4486 692 4568 ingenioli
705 4489 778 4548 mei.
796 4486 837 4548 lli
853 4486 940 4550 euim
971 4485 1100 4565 triginta
1127 4484 1229 4548 ferme
1257 4485 1332 4548 anni
1355 4485 1395 4548 ab
1415 4486 1613 4566 octogesimo
1628 4486 1733 4566 primo

107 4604 210 4666 coque
226 4588 333 4650 medic
349 4603 445 4666 supra
464 4584 724 4649 trecentesimum
736 4579 942 4664 computandi
957 4588 1058 4643 sunt:
1084 4595 1150 4660 quo
1167 4586 1311 4660 tempore
1333 4581 1510 4661 Gregorius
1530 4581 1625 4661 regite
1641 4581 1732 4644 urbis

108 4682 290 4745 cathedram
320 4684 434 4758 tenuit,
452 4680 568 4745 altalo
585 4677 709 4743 scilieet
723 4685 794 4758 post
807 4677 993 4758 abrogatum
1009 4676 1185 4739 Maximum
1204 4674 1357 4757 Cynicum
1377 4680 1415 4740 ad
1431 4677 1555 4741 tullum
1576 4674 1732 4755 mensem,

107 4796 173 4857 quo
200 4795 272 4842 sese
300 4778 372 4859 ipse
393 4778 426 4840 in
445 4775 644 4841 oecumenico
667 4773 811 4837 Concilio
840 4773 1011 4838 abdicavit.
1042 4777 1147 4853 Atque
1167 4773 1259 4850 adeo,
1276 4781 1310 4837 ut
1327 4772 1546 4837 brevissimam
1574 4773 1732 4839 rationem

107 4877 209 4948 ineas,
234 4891 271 4938 ac
295 4882 387 4954 putes
411 4874 610 4936 tricesimum
635 4869 699 4933 dici
716 4870 859 4934 rotundo
880 4886 1028 4943 numero,
1044 4871 1103 4951 qui
1124 4860 1344 4935 annus‘luerit
1358 4869 1644 4945 undetricesimus,
1659 4887 1730 4936 eam

106 4986 265 5033 summam
279 4969 442 5037 conficias.
456 4977 490 5032 ut
503 4966 752 5031 sattemdecimc
771 4983 868 5046 supra
885 4967 1242 5048 quadringentesimum
1258 4983 1343 5032 anne
1372 4969 1531 5046 inceptam
1556 4966 1627 5048 ejus
1652 4984 1731 5050 pro·
1756 5002 1760 5009 ,

107 5065 212 5144 phele
229 5065 493 5145 explanationem
508 5065 650 5128 fatearis.

148 5161 209 5236 Qui
225 5163 306 5224 banc
324 5161 490 5240 excipiunt
505 5160 538 5222 in
563 5159 737 5224 ieremiem
755 5158 1112 5236 commentariensis
1134 5157 1272 5224 subinde
1291 5157 1603 5233 elucubrationibus,
1632 5166 1729 5239 prout

108 5277 159 5322 res
173 5257 308 5334 ferebat,
325 5260 548 5339 interpellatus
563 5259 595 5321 S.
610 5259 724 5320 lloctor
737 5272 795 5336 per
809 5254 977 5320 interculta
995 5255 1147 5319 dietavit:
1158 5257 1284 5339 hocque
1301 5255 1368 5319 iere
1385 5265 1584 5337 postremum
1601 5264 1650 5319 cst
1663 5257 1732 5336 ejus

107 5355 231 5435 ingenii
247 5355 480 5418 monimentum
496 5363 527 5417 ct
543 5353 747 5432 labenquam
769 5352 823 5416 dni
849 5353 1031 5433 proximum
1057 5369 1155 5428 mors,
1172 5360 1227 5416 aut
1246 5369 1319 5432 quen
1334 5365 1470 5417 mortem
1498 5353 1627 5434 preivit
1645 5369 1731 5433 tegra

107 5450 269 5523 valetudo,
289 5468 462 5532 rerumque
482 5450 632 5514 ttcctestae
653 5448 686 5512 in
703 5451 804 5532 pejus,
818 5448 1044 5525 dilabentinm,
1065 5449 1186 5531 quibus
1215 5444 1312 5513 terret
1334 5451 1520 5530 suppetias,
1538 5449 1729 5515 vicissitudo

106 5544 289 5625 intercepit.
305 5545 509 5610 Absolrendo
520 5545 612 5626 operi
629 5561 714 5610 unus
736 5545 831 5610 modu
847 5552 903 5610 aut
917 5548 1010 5625 alter,
1026 5564 1092 5629 qao
1106 5546 1259 5612 lristcrica
1272 5549 1413 5615 narratio
1426 5549 1629 5623 contractiori
1646 5553 1730 5631 stylo

266 5655 404 5716 Peraea.
423 5652 536 5717 xxtt'.
1557 5653 1568 5713 l

18 5785 134 5973 s⁰⁴⁰
716 5772 719 5778 ¹
