3788 6120
166 284 221 348 839
765 277 800 342 S.
816 275 974 340 Eusuntt
992 274 1215 338 sttuttohltttt
1748 269 1797 334 alt

168 396 256 452 dicit:
276 391 309 450 lit
337 393 449 462 eriperet
471 409 519 449 nos
542 391 574 446 de
589 390 713 462 presenti
737 390 835 446 occulo
847 405 959 461 nequam
972 409 995 465 g
1012 388 1039 443 in
1050 404 1130 443 rtranu
1147 395 1270 452 extenta,
1285 394 1312 442 et
1327 382 1442 469 brachio
1453 382 1515 442 iorti
1536 382 1601 455 (sine
1621 382 1756 453 excelso),
1774 392 1799 439 et

169 486 261 558 (Galat
274 503 293 542 t.
323 484 362 553 l).
381 486 413 541 Et
439 486 539 542 iterum
561 484 752 540 :dedissemus
777 492 879 553 tempus
893 499 960 554 quo·
1011 481 1038 536 in
1060 481 1163 546 lurore,
1184 490 1212 535 et
1232 479 1258 534 in
1278 480 1480 552 indignatione,
1502 489 1529 538 et
1544 479 1571 534 in
1593 480 1635 533 ira
1647 480 1757 551 grandi.
1771 479 1801 533 Et

168 578 311 635 ariomdies
328 575 468 631 erudirent
489 574 598 646 (prea.
617 589 645 639 r,
661 573 718 642 ld).
738 571 844 628 Hebraei
875 570 957 639 quin·
1011 569 1163 639 percutiam
1178 569 1349 626 habitatores
1359 571 1481 626 civitatis
1501 570 1609 640 hujus:
1631 570 1761 625 homines
1773 580 1801 625 et

140 672 141 675 ’
173 678 230 721 ιιιιιι
256 681 378 723 rnensern
403 680 456 734 qno
484 675 564 733 capta
589 663 741 720 Jerusalem
773 661 959 732 templumque
1008 662 1133 733 jomema
1164 661 1322 731 pestilentia
1341 678 1439 734 magna
1457 663 1647 717 morientur.»
1673 660 1800 728 Frustra,

172 760 335 816 subversum
350 771 409 824 est,
423 757 559 812 nativitati
572 757 699 812 dererniae
713 762 870 825 supputant,
883 754 960 808 ines·
1010 755 1112 824 inquit,
1127 769 1282 825 repugnare
1299 755 1383 812 vultis
1399 753 1748 818 (toantaeisotrstdemtbos,
1775 763 1802 809 et

170 849 341 905 tricabilibos
363 851 526 919 quibusdam
540 859 566 904 et
592 847 797 903 incredibilibus
814 859 959 914 argnnren·
1010 862 1086 900 anna
1109 846 1206 902 bellica
1226 849 1396 917 praeparatis,
1419 861 1537 918 quorum
1552 848 1579 901 in
1594 845 1686 900 taedia
1698 854 1802 901 tautum

169 943 215 996 tis.
236 941 350 1007 Quodsi
377 944 493 1012 probare
511 942 656 1010 potuerim,
674 938 961 1007 qnornodo‘testiroo·
1011 939 1169 993 nrlreusum
1187 939 1336 1004 babebitis,
1363 949 1392 992 ut
1421 939 1519 992 arrrrati
1546 952 1609 993 esse
1639 936 1800 992 videamini.

168 1037 244 1090 nirnu
260 1034 311 1090 ton
339 1035 516 1103 interpretari
544 1033 661 1097 ualeant,
678 1033 771 1087 nescio
791 1049 799 1089 ;
817 1032 870 1086 nisi
889 1030 960 1088 iorte
1010 1030 1143 1085 Caeterum
1171 1031 1224 1086 illis
1244 1032 1451 1095 obsidentibus,
1465 1046 1517 1101 ego
1535 1045 1584 1086 ros
1601 1029 1748 1086 debellabo
1775 1029 1802 1083 ia

171 1137 197 1180 et
210 1127 284 1180 illum
298 1127 368 1181 diem
385 1128 501 1194 quadam
516 1125 747 1194 praetiguratione,
777 1134 804 1178 et
830 1123 960 1177 uaticinio
1011 1139 1092 1176 manu
1119 1136 1228 1179 extenta
1243 1134 1272 1179 et
1292 1126 1405 1180 brachio
1422 1124 1486 1179 lorti
1515 1138 1631 1194 uncoque
1657 1123 1751 1177 lurore
1777 1129 1804 1175 et

171 1218 526 1273 futurorumsrrbrersionis
543 1218 635 1285 tearrpli
661 1226 815 1280 nutmnent.
829 1215 960 1284 Quodque
1011 1215 1195 1284 indignatione
1223 1216 1374 1286 percutiam
1393 1225 1486 1271 :utet
1501 1231 1548 1271 ros
1565 1224 1594 1270 et
1622 1229 1709 1270 omne
1732 1213 1800 1282 quod

170 1313 339 1382 imprecatur
361 1311 568 1366 similitudinem
586 1312 780 1364 subversarum
805 1309 958 1373 civitatum,
1010 1308 1107 1376 spirat,
1126 1309 1198 1363 lame
1213 1319 1239 1363 et
1253 1310 1407 1378 pestilentia
1422 1309 1448 1361 in
1467 1310 1554 1363 media
1573 1307 1642 1362 urbe
1658 1307 1799 1361 moriatur.

82 1396 85 1404 '
171 1404 205 1457 de
222 1403 339 1457 Sodoma
355 1411 382 1457 et
410 1402 560 1456 Gorrrorrba
588 1401 641 1455 diei
672 1401 804 1465 arbitror,
827 1411 852 1455 et
880 1413 960 1454 orrtrre
1011 1402 1087 1468 Quod
1101 1403 1208 1470 quidem
1221 1411 1248 1456 et
1261 1402 1360 1456 lactum
1376 1403 1501 1472 legimus.
1527 1401 1641 1470 Absque
1661 1400 1800 1455 ulluenira
1838 1467 1841 1471 Ι

81 1567 86 1576 .
171 1496 422 1565 tempusinlucto,
453 1503 482 1547 ut
509 1493 636 1546 manesit
658 1492 762 1547 elamor
785 1501 812 1546 et
841 1491 960 1545 ululatus
1010 1508 1122 1556 corona,
1138 1492 1311 1564 strepituque
1326 1495 1518 1564 pugnantium,
1537 1495 1605 1549 urbs
1637 1494 1802 1548 tantaobsi·

170 1588 295 1642 meridie.
324 1585 505 1651 Quodaotem
534 1583 615 1638 inient
645 1582 697 1648 Qui
709 1600 748 1636 nae
766 1599 817 1637 oon
828 1583 958 1652 interserit
1011 1583 1092 1639 dione
1111 1595 1306 1654 captaest,ut
1333 1602 1403 1654 qnos
1429 1589 1640 1641 rirrcerentnon
1657 1586 1801 1652 haberent,

169 1681 197 1734 in
218 1679 305 1744 tulna,
322 1675 406 1732 heum
420 1678 569 1747 significari
582 1684 686 1746 protam.
709 1673 745 1728 lit
759 1685 839 1737 erret,
858 1675 957 1744 inquit,
1010 1675 1058 1730 sed
1086 1692 1155 1746 quos
1173 1686 1279 1732 tantum
1305 1688 1435 1749 caperent
1452 1678 1611 1745 rhedones,
1628 1678 1680 1745 ait,
1694 1678 1801 1734 luerunt

169 1771 235 1825 rrrihi
256 1779 392 1839 conceptos
425 1782 552 1834 uterinus,
582 1767 1102 1838 queomoiadicuntur·by·Bqlmlio
1134 1769 1374 1840 noloer'oti,quom
1397 1770 1573 1840 occiailoore.

172 1863 319 1933 perboliee.
344 1860 468 1929 Detriqne
494 1863 607 1928 exponit
634 1875 733 1915 causas
757 1876 807 1914 cur
842 1869 958 1914 mortem

169 1953 300 2022 praeierat
327 1954 399 2016 ritae,
423 1961 450 2006 et
467 1955 579 2007 orrtraino
605 1968 659 2007 non
684 1968 755 2019 esse,
781 1968 860 2020 quant
891 1951 960 2008 torale

169 2047 425 2116 essc,sub1ungens
441 2064 449 2101 ;
469 2047 557 2111 Qtrnre
571 2046 602 2100 dc
628 2045 702 2101 onim
715 2062 834 2115 opressus
858 2063 915 2099 sont
929 2055 958 2100 ot

169 2142 284 2195 uiderem
313 2140 447 2193 laborem.
463 2148 488 2192 et
513 2138 673 2203 dolererrqet
698 2147 917 2192 consatraerentur
931 2138 959 2192 in

170 2233 326 2300 confusione
341 2233 396 2287 dies
414 2233 486 2285 mei?

206 2326 284 2396 (thr.
311 2325 382 2379 ltlit.
400 2353 436 2366 -
452 2322 529 2378 hers.
557 2324 568 2379 l
586 2338 664 2392 seqq.
681 2320 691 2392 l
710 2340 720 2373 ι
739 2320 857 2376 Verbum
886 2321 958 2392 qnod

169 2417 270 2473 iactum
287 2427 329 2473 cst
346 2418 380 2471 ad
410 2415 556 2471 ieremiam
576 2434 589 2468 a
604 2415 736 2480 borrrino,
749 2418 859 2484 quando
884 2415 958 2470 nrisit

169 2511 203 2564 ad
231 2525 292 2564 enm
308 2524 354 2564 rex
377 2508 508 2563 Sedecias
528 2507 634 2562 Plrasur
649 2507 735 2563 tilium
757 2506 900 2574 Melcbiae,
931 2518 959 2563 et

169 2599 337 2669 Sophoniatn
369 2599 454 2654 nltnm
484 2597 591 2652 linarias
614 2599 796 2664 sacerdotem,
824 2599 919 2654 dicens
946 2616 953 2652 :

168 2692 309 2761 Interroga
323 2707 372 2761 pro
387 2691 470 2745 nobis
488 2692 644 2758 Dominum,
659 2692 722 2761 quia
739 2690 958 2746 Nabuchodono·

168 2799 215 2838 sor
230 2799 275 2838 retr
293 2783 439 2855 ttetqtonts
458 2785 596 2852 praeliatur
612 2787 755 2840 adversum
774 2800 834 2850 tros,
851 2785 873 2838 si
886 2784 957 2839 iorte

168 2876 251 2930 iaciat
271 2877 403 2931 Dominus
431 2876 574 2930 nobiscum
591 2877 741 2931 secuudum
760 2876 852 2931 omnia
871 2876 956 2930 mira·

168 2965 234 3021 bilia
260 2980 318 3030 sna,
347 2975 376 3021 et
393 2965 504 3020 recedat
533 2980 547 3019 a
571 2966 659 3021 nobis.
678 2983 687 3017 ι
709 2966 797 3035 Supra
834 2965 956 3036 pontiiex

1048 1858 1141 1932 (Vere.
1172 1861 1211 1933 t.)
1232 1863 1289 1917 «Et
1314 1872 1374 1932 post
1402 1865 1469 1928 buc,
1496 1866 1535 1918 ait
1553 1864 1690 1920 Dotninos
1704 1881 1713 1919 a
1728 1863 1801 1920 babo

1012 1952 1154 2009 Sedeciam
1171 1970 1263 2023 regem
1277 1954 1365 2022 inde,
1378 1966 1406 2012 et
1422 1971 1518 2013 seruos
1531 1957 1603 2026 cios,
1629 1967 1657 2014 et
1673 1957 1799 2029 populum

1011 2045 1081 2115 ejus,
1097 2056 1124 2099 et
1140 2046 1187 2115 qui
1199 2046 1322 2102 derelicti
1339 2056 1404 2102 sunt
1434 2048 1460 2103 in
1478 2049 1590 2104 civitate
1605 2049 1659 2105 bae
1684 2068 1700 2103 a
1715 2059 1798 2119 peste,

1011 2145 1037 2188 et
1052 2135 1151 2205 gladio,
1172 2137 1296 2202 etimne,
1315 2138 1341 2191 in
1369 2153 1451 2191 marm
1469 2136 1728 2194 Nabuchodonosor
1756 2155 1798 2195 re·

1011 2224 1051 2295 gis
1067 2227 1222 2297 babylonis,
1238 2229 1302 2281 etin
1320 2243 1401 2283 manu
1418 2230 1591 2286 inimicorum
1610 2246 1719 2296 eorum,
1735 2231 1797 2288 ctis

1010 2334 1091 2373 manu
1116 2320 1293 2388 quaerentium
1330 2323 1449 2378 arrinmro
1475 2339 1569 2379 corum
1588 2333 1640 2380 ·et
1667 2326 1798 2395 percutiet

1010 2428 1057 2468 eos
1075 2414 1102 2468 in
1118 2429 1166 2468 ore
1179 2414 1274 2484 gladii,
1290 2425 1318 2471 et
1345 2432 1399 2472 non
1417 2418 1554 2483 flectetur,
1578 2433 1669 2489 neque
1695 2426 1796 2490 parcet,

1010 2521 1061 2560 nec
1088 2505 1274 2562 miserebitur.
1295 2525 1304 2559 ι
1324 2510 1380 2564 lloe
1404 2512 1476 2579 quod
1501 2527 1551 2567 noa
1582 2513 1775 2568 transtulimus
1787 2538 1801 2578 ,-

1008 2597 1093 2669 984
1104 2596 1137 2651 ln
1148 2616 1227 2654 otono
1239 2599 1559 2675 Nabuchodonosorreqis
1572 2603 1730 2675 Rabylonis,
1740 2614 1763 2657 et
1771 2605 1797 2657 itt

1010 2706 1090 2744 naono
1103 2692 1271 2746 inirrricorum
1284 2710 1387 2759 eorum,
1404 2697 1432 2751 iu
1448 2695 1626 2767 Septuaginta
1645 2713 1699 2752 rron
1718 2697 1797 2753 babe-

1010 2791 1064 2836 tur.
1095 2783 1126 2836 Et
1141 2799 1189 2853 pro
1215 2783 1336 2855 eoquod
1357 2802 1406 2843 nos
1431 2787 1549 2844 diximus
1563 2804 1571 2847 z
1585 2787 1649 2843 Non
1666 2790 1795 2859 flectetur,

1010 2891 1092 2953 neque
1120 2885 1220 2945 parcet,
1250 2894 1296 2933 nec
1317 2882 1492 2948 orirerebr'ton
1514 2883 1694 2956 Septuaginta
1708 2895 1795 2943 traus-

1011 2967 1150 3023 tnlerunt·
1171 2969 1232 3024 Non
1247 2987 1367 3041 porcean,
1391 2989 1437 3028 nee
1467 2976 1621 3033 ntisereior.
1649 2976 1795 3049 heliasque

167 3057 286 3122 Pbasor,
331 3058 390 3113 sire
416 3055 546 3122 Phaseor,
570 3057 617 3126 qui
644 3060 780 3126 percussit
798 3054 955 3123 iereoriam,
1008 3061 1508 3130 estiuntallebraicmu,utcrudelis
1530 3069 1669 3125 sententia
1698 3079 1727 3127 et
1756 3071 1794 3127 itt·

168 3161 273 3220 patrem
286 3151 381 3206 babuit
396 3150 504 3205 Errrrner
517 3148 628 3222 (decent.
645 3151 701 3220 aar).
719 3149 870 3206 llieautem
886 3149 956 3206 Plra·
1008 3149 1148 3218 flexibilis,
1162 3155 1248 3225 tnagis
1263 3155 1334 3226 regis
1347 3157 1501 3230 Babylonii,
1517 3173 1598 3229 qoam
1611 3159 1721 3219 Domini
1736 3178 1793 3219 esse

167 3258 216 3300 sur
233 3244 307 3298 lilios
321 3253 363 3298 est
380 3242 511 3298 helchiae.
530 3243 586 3298 lloc
617 3244 729 3309 ideirco,
750 3259 784 3299 ne
804 3244 866 3315 quis
880 3258 957 3298 eurrr·
1008 3242 1142 3300 rideatur.
1160 3245 1280 3301 Primum
1296 3259 1386 3303 autem
1399 3250 1434 3306 de
1452 3253 1579 3308 universa
1595 3255 1663 3311 urbe
1678 3255 1794 3326 prophe·

169 3339 229 3390 denr
246 3344 331 3405 putet.
347 3334 429 3390 blittit
445 3346 536 3391 autem
560 3352 608 3390 ren
625 3335 755 3391 Sedecias
781 3334 815 3389 ad
835 3334 958 3404 Prophe-
1009 3342 1094 3388 tatum
1112 3345 1154 3391 cst
1170 3353 1176 3402 ;
1192 3353 1264 3394 nnnc
1287 3341 1396 3411 proprie
1427 3341 1548 3399 Sedeeite
1571 3346 1740 3415 praedicitur,
1766 3357 1793 3403 et

169 3441 237 3495 tam,
253 3428 349 3484 nolens
373 3428 413 3484 rel
442 3429 571 3498 populum
592 3427 674 3493 scire,
697 3427 834 3497 re1983
850 3426 956 3495 prinei·

167 3533 226 3590 pes,
256 3531 285 3575 nt
312 3522 427 3576 occulto.
444 3535 493 3589 per
518 3519 621 3590 legatos
643 3519 737 3574 nuntio
764 3524 955 3588 recognoscat,

140 3623 142 3626 ’
167 3628 249 3682 quam
265 3613 394 3668 bortrinus
409 3627 491 3683 super
506 3610 773 3675 urbemderusalem,
785 3618 812 3663 st
825 3610 955 3681 populum

166 3704 321 3763 lurlaeormn
358 3705 457 3759 babeat
484 3705 658 3758 sententiam.
693 3703 823 3771 Quodque
852 3700 953 3757 infert·

167 3797 238 3863 Quin
257 3794 505 3850 Nabuchodonosor
522 3810 569 3850 ree
588 3792 735 3864 Babylonia
747 3793 888 3863 pretiatur
906 3791 956 3846 od·

166 3907 269 3947 uersum
297 3906 355 3955 noe,
387 3889 507 3944 ostendit
521 3887 578 3957 jam
605 3887 719 3943 obsessa
745 3885 911 3951 ierusalem,
938 3901 952 3938 a

166 3985 303 4053 Propheta
332 3982 383 4038 hoe
399 3981 536 4036 sciscitari
567 3978 719 4036 sedeciam.
750 3979 783 4034 lit
806 3981 954 4036 notandum

166 4075 239 4143 quod
265 4076 293 4131 in
316 4074 467 4144 prophetis,
493 4073 667 4143 mutilaeque
697 4072 725 4127 in
741 4072 896 4138 Ezechiele,
927 4079 955 4127 ct

166 4165 294 4233 ieremia,
323 4181 494 4236 nequaquam
526 4182 620 4238 regum
644 4173 672 4221 et
705 4174 857 4232 temporum
887 4164 955 4219 ordo

166 4269 319 4315 serretur:
339 4259 386 4315 sed
411 4270 588 4331 praepostere,
615 4258 688 4331 quod
706 4258 782 4328 justa
810 4257 952 4314 historiam

167 4362 262 4421 postea
297 4352 398 4435 lactum
424 4355 471 4420 sit,
494 4354 570 4423 prius
588 4351 685 4407 reierri
704 4368 711 4407 :
728 4360 755 4406 et
776 4349 848 4418 quod
878 4348 955 4418 prius

1008 3427 1107 3495 popolo
1144 3428 1213 3499 ejus,
1252 3432 1299 3500 qui
1328 3432 1432 3489 residui
1464 3433 1567 3491 luerint
1587 3447 1650 3508 post
1680 3448 1790 3508 pestem,

1007 3520 1136 3586 gladium,
1157 3533 1184 3576 et
1194 3521 1304 3588 laniem,
1331 3527 1432 3594 quoda
1460 3526 1713 3587 Nabuchodonosor
1735 3549 1792 3605 rege

1006 3611 1156 3684 babylonio
1181 3615 1329 3685 capiendus
1365 3620 1411 3688 sit,
1445 3621 1705 3696 interficiendosque
1732 3642 1791 3683 curo

1007 3705 1104 3759 amicis
1128 3704 1185 3759 suis
1200 3706 1291 3778 gladio
1309 3712 1479 3767 :occullatur
1499 3713 1559 3784 ejus
1578 3716 1790 3775 misericordiam

1006 3802 1109 3862 speret,
1139 3794 1218 3866 enjus
1245 3798 1335 3855 fredus
1361 3810 1389 3857 et
1416 3805 1646 3864 necessitudinem
1677 3811 1791 3881 perjurio

1006 3884 1137 3942 deseruit.

1048 3978 1139 4049 (Vera.
1149 3982 1165 4038 8
1176 3983 1264 4056 seqq.)
1280 3987 1329 4042 «Et
1344 3989 1378 4044 ad
1395 3991 1522 4061 populoru
1537 3997 1609 4054 launc
1622 3999 1719 4056 dices:
1734 3999 1790 4057 ttae
1848 3954 1852 3962 ¹

1006 4073 1072 4129 dicit
1083 4076 1213 4134 [tondnos
1226 4095 1233 4132 ι
1248 4078 1317 4135 Ecce
1330 4097 1380 4151 ego
1394 4083 1428 4138 do
1442 4099 1535 4142 coram
1548 4089 1626 4145 robis
1646 4092 1719 4149 uiant
1735 4095 1791 4149 rite

1006 4174 1033 4220 et
1055 4166 1125 4221 riam
1146 4170 1251 4229 mortis.
1268 4171 1319 4239 Qui
1340 4174 1509 4234 habitaverit
1524 4180 1550 4234 in
1569 4182 1637 4238 urbe
1653 4184 1716 4254 hae,
1736 4203 1789 4242 ttro·

1007 4256 1092 4314 rietur
1105 4260 1205 4330 gladio,
1217 4271 1244 4317 et
1255 4262 1337 4331 ianae,
1352 4277 1380 4322 et
1390 4279 1477 4337 peste.
1486 4273 1537 4338 Qni
1557 4285 1649 4331 autem
1667 4293 1790 4349 egressm

1008 4349 1100 4417 luerit,
1124 4363 1151 4408 et
1169 4355 1346 4427 transfugerit
1375 4361 1409 4415 ad
1432 4361 1574 4422 Chaldaeos
1599 4370 1648 4438 qui
1668 4373 1789 4429 obsideat

166 4455 273 4514 gestum
288 4446 334 4512 sit,
356 4454 460 4517 postea.
475 4445 556 4502 titud
567 4457 609 4503 est
621 4445 693 4501 enim
710 4444 863 4511 historiam,
881 4443 954 4499 aliod
971 4445 1163 4512 nuceriam,
1180 4456 1208 4502 et
1229 4449 1281 4504 erit
1297 4450 1321 4506 ei
1339 4455 1429 4508 anton
1450 4469 1500 4511 sua
1514 4458 1592 4526 quasi
1606 4461 1790 4531 spoliumdo-

166 4536 337 4606 prophetiam
358 4538 479 4592 scribere
496 4552 505 4592 ι
521 4547 550 4592 ut
572 4538 600 4592 in
623 4538 751 4606 presenti
766 4537 838 4602 loeo,
869 4535 955 4593 Sede·

166 4627 236 4693 cias,
255 4625 304 4697 qui
320 4640 383 4680 curn
399 4625 467 4680 urbe
479 4626 633 4682 Jerusalem
648 4639 742 4696 eaptus
759 4635 812 4692 est,
844 4627 955 4684 mittens

166 4718 345 4775 scribiturad
371 4717 617 4782 ieremiam,eteo
641 4728 775 4789 tempore,
797 4736 851 4790 quo
878 4721 954 4777 obsi·

166 4811 281 4866 debatur
297 4810 462 4877 Jerusalem,
473 4802 501 4867 et
516 4821 612 4879 postea
626 4823 754 4867 narrator
765 4812 881 4868 historia
894 4811 956 4868 ioa-

165 4904 219 4959 eint
234 4903 325 4960 fratris
346 4903 419 4972 ejus,
446 4903 492 4973 qui
523 4914 586 4959 ante
601 4918 663 4957 emn
681 4919 728 4958 rex
745 4903 799 4960 luit
813 4921 820 4958 :
836 4914 862 4959 et
891 4906 955 4960 toa·

166 4995 241 5060 chin,
256 4995 282 5049 id
309 5004 352 5051 est
368 4995 515 5061 Jechoniae,
528 4999 573 5065 qui
585 4995 639 5051 luit
657 4996 728 5050 lilius
741 4995 855 5064 Joacirn,
874 5012 954 5066 super

166 5088 265 5156 quibus
276 5088 382 5142 dicetur
399 5089 426 5143 iu
442 5088 631 5156 sequentibus.
959 5147 963 5157 ,

203 5178 293 5250 (Vere.
311 5179 328 5232 5
343 5193 422 5251 seqq.
437 5180 446 5250 )
468 5200 476 5232 ι
496 5181 529 5235 Ει
546 5181 615 5236 dixit
627 5178 763 5236 ieremias
776 5182 809 5235 ad
824 5196 871 5236 cos
888 5179 953 5237 :Sic

167 5272 264 5326 dicetis
279 5271 399 5326 Sedeciee
416 5291 423 5328 ι
441 5270 504 5328 liaec
521 5275 586 5328 dicit
608 5274 736 5329 hominus
752 5273 822 5328 heus
849 5275 951 5329 lsrael:

166 5366 237 5420 Ecce
252 5380 303 5434 ego
316 5373 472 5418 consertam
489 5380 553 5419 rasa
566 5368 628 5421 belli
646 5367 720 5438 (sire
741 5384 817 5422 arsita
833 5370 950 5438 bellica)

166 5471 226 5528 quus
249 5467 312 5511 sunt
335 5455 363 5510 iu
390 5457 516 5512 titanibus
544 5461 655 5524 vestris,
670 5472 697 5514 ct
712 5461 810 5531 quibos
827 5462 953 5530 pugnatis

165 5548 310 5602 aduersum
327 5562 416 5616 regem
432 5547 587 5616 babylonis,
603 5559 627 5605 et
646 5551 798 5619 Chaldaeos,
812 5551 857 5619 qrri
875 5552 951 5605 obsi-

165 5641 231 5690 dent
245 5651 293 5691 rus
303 5637 331 5691 io
346 5637 462 5691 circuitu
487 5654 626 5694 rnrrronrm
641 5659 648 5695 :
663 5652 689 5696 ct
706 5643 879 5713 congregabo
904 5657 951 5696 eos

160 5725 231 5795 (sire
245 5727 289 5797 ea)
308 5725 336 5785 iu
352 5727 443 5786 aredio
458 5728 585 5803 ,ciuitatis
601 5731 690 5804 bajus,
709 5743 735 5789 ot
747 5731 888 5790 debellabo
903 5747 950 5788 ros

1007 4537 1050 4591 sui
1076 4538 1149 4593 enim
1166 4537 1265 4596 faciem
1296 4559 1384 4599 ineam
1404 4561 1488 4616 super
1510 4551 1650 4608 civitatem
1679 4555 1789 4613 barreio

1007 4627 1119 4696 malum,
1134 4632 1376 4702 etnoninbonurn,
1388 4637 1428 4692 ait
1438 4637 1578 4696 Dominus.
1592 4640 1789 4720 inmarruregis

1006 4717 1152 4792 babylonis
1175 4724 1295 4791 dabitur,
1309 4738 1336 4783 et
1351 4738 1446 4785 exuret
1463 4746 1522 4786 carn
1537 4733 1603 4801 igni.
1624 4753 1635 4788 ι
1652 4721 1706 4795 ¹llis
1717 4739 1787 4809 quis

1006 4825 1071 4882 rege
1086 4814 1162 4869 missi
1179 4826 1255 4880 sunt,
1277 4826 1303 4873 ct
1323 4818 1357 4873 ad
1370 4818 1531 4891 Prophetarn
1548 4837 1682 4882 renerent
1696 4831 1787 4899 depre-

1005 4907 1131 4971 candum,
1150 4916 1180 4961 ut
1205 4909 1386 4977 interrogaret
1410 4927 1458 4981 pro
1483 4915 1523 4970 eis
1539 4915 1698 4984 liomitmm,
1712 4935 1788 4990 supe·

1005 4996 1078 5049 riora
1104 5000 1293 5067 responderat,
1310 5012 1337 5056 et
1352 5017 1413 5073 qnae
1435 5005 1569 5061 referrent
1583 5011 1639 5078 regi
1661 5010 1787 5067 Sedeciae.

1005 5087 1082 5143 Nunc
1098 5091 1224 5146 bortatur
1246 5101 1274 5147 nt
1288 5094 1469 5163 respondeant
1487 5099 1595 5166 populo,
1611 5101 1714 5172 datque
1730 5118 1789 5160 eou-

1005 5179 1094 5234 silium
1111 5191 1140 5236 ut
1163 5184 1342 5255 transfugiant
1359 5188 1393 5242 ad
1408 5189 1561 5255 Chaldaeos,
1578 5202 1673 5250 contra
1690 5197 1786 5266 regiani

1006 5271 1184 5341 volontatem,
1211 5279 1283 5346 qnod
1314 5280 1498 5348 periculosum
1525 5283 1612 5365 tuisse
1636 5285 1787 5358 Prophetae.

1005 5365 1094 5420 nullus
1110 5368 1229 5436 ignorat.
1247 5368 1324 5425 Unde
1341 5379 1370 5426 et
1384 5384 1500 5428 ratortctrr
1515 5375 1566 5430 sibi
1582 5377 1751 5448 imprecatur
1763 5387 1788 5435 ct

1003 5453 1069 5507 dicit
1086 5472 1092 5508 :
1110 5456 1253 5512 diuledieto
1266 5460 1320 5515 dier
1334 5463 1359 5515 in
1370 5480 1423 5533 quo
1448 5476 1528 5519 nutus
1541 5482 1598 5519 reru
1620 5469 1730 5540 (duem.
1744 5485 1787 5534 xa,

1004 5543 1061 5615 lt).
1079 5547 1121 5615 El,
1140 5550 1230 5616 erore
1245 5553 1276 5606 de
1300 5555 1377 5608 vulno
1395 5572 1511 5625 opressus
1533 5575 1604 5621 seor,
1630 5571 1658 5615 ut
1674 5565 1786 5617 uiderent

1003 5640 1116 5695 tentet-en
1130 5651 1154 5695 e
1167 5643 1285 5696 ueterem
1306 5642 1388 5712 (tntu.
1417 5648 1478 5716 terr
1497 5645 1557 5702 uon
1583 5651 1657 5719 quoe
1673 5636 1795 5716 terent.

1003 5736 1119 5791 necdum
1146 5738 1235 5807 captis
1262 5739 1327 5794 dare
1353 5741 1511 5810 corrsilium,
1534 5758 1565 5801 sc
1588 5744 1661 5804 ultro
1684 5750 1789 5805 tradere
