3788 6120
258 272 509 342 commeminit
531 281 570 340 isi
591 281 791 343 iiiiiiiisbi
809 286 1039 348 ΓΙΙΟΡΙΙΕΤΙΙΙΙ
1071 290 1143 354 biit.
1168 291 1223 365 ΙΙΙ,
1242 294 1319 355 cni.
1334 296 1402 356 xil.
1590 305 1648 369 iili)

107 395 218 462 solaro,
234 405 264 451 ut
276 395 399 452 dicerent
415 393 498 450 [lenm
512 395 640 466 ignorare
652 397 710 453 rias
723 413 797 464 snas,
814 409 835 470 g
850 412 875 455 et
895 413 1054 471 potestatem
1069 405 1151 461 liabeo
1178 411 1326 464 resumendi
1342 410 1417 465 iliam
1439 412 1528 480 (ioan.
1545 431 1572 480 ι,
1587 418 1642 488 iiii.

106 487 171 543 *0³¹⁰
193 488 259 558 (luid
286 487 474 555 ⁰¹¹l¹⁸i¹¹l⁸ii⁰0
498 502 630 558 imiimi
653 489 698 543 ⁸5¹·
724 489 802 554 Quod
854 492 1092 552 Fatetaestaatenr
1106 497 1513 570 baereditasquotidamllomlni
1529 509 1645 577 populns

118 579 197 645 dicit,
218 595 361 649 ”illuditis
386 582 451 636 illud
472 581 621 647 illibillctls
641 594 803 649 perrnaoero
851 583 1006 641 ludaeorum
1022 596 1117 642 contra
1130 603 1192 643 euro
1207 589 1284 659 sirtasi
1309 589 1353 646 leo
1366 591 1393 646 ia
1420 592 1511 649 siira:
1536 597 1645 663 quando

106 670 157 734 lei·
172 672 237 742 (lois
256 674 265 705 ¹
282 676 392 731 animus
405 675 578 746 peccantium
600 688 654 728 non
672 671 802 729 becteba·
853 679 911 748 pari
928 677 1065 735 adversas
1086 679 1161 735 illam
1185 680 1213 736 ln
1229 681 1356 752 passione
1371 697 1439 738 roeo
1457 686 1596 743 clamarit.
1613 687 1645 743 lst

121 760 323 833 paenitentiam.
854 770 917 836 attia
931 768 1006 826 dedit
1017 779 1112 825 contra
1127 786 1188 827 eum
1202 787 1297 828 uocem
1313 786 1402 840 suam,
1428 773 1490 832 ideo
1505 790 1566 830 eam
1580 776 1645 832 odio

106 868 136 909 a.
152 854 191 924 5).
212 872 222 908 ι
242 855 271 912 st
288 872 352 913 eam
366 857 504 928 peditibus
524 870 640 913 currens
659 854 802 920 laborasti,
855 857 950 913 barbuit
967 866 996 914 et
1016 858 1125 926 abiecit,
1143 871 1170 915 et
1187 877 1248 931 tinae
1264 863 1400 933 qarotidam
1419 860 1469 918 iait
1486 865 1584 921 dilecta
1601 876 1644 921 at·

106 945 148 1003 tdo
162 951 329 1006 contendere
343 951 446 1021 poteris
458 965 519 1006 com
532 949 629 1020 equini
642 949 672 1006 si
687 950 714 1004 ia
730 958 802 1005 terra
854 963 907 1017 qtte
922 948 1099 1017 citatissima,
1116 964 1190 1005 nunc
1206 951 1357 1023 appellatur
1372 952 1476 1009 odiosa.

106 1040 206 1097 conisa
226 1056 265 1108 es,
281 1045 345 1112 qnid
366 1044 450 1100 iacies
470 1045 497 1100 in
519 1042 646 1113 soperbia
662 1041 732 1112 (eise
749 1040 805 1098 irc·
891 1038 983 1108 (Vera.
1008 1039 1049 1110 9.)
1080 1058 1089 1093 ι
1114 1040 1242 1112 llunqaid
1269 1042 1328 1099 atis
1354 1043 1474 1099 discolor
1499 1044 1647 1102 baereditas

114 1126 265 1186 iordanis?
283 1150 294 1185 ι
313 1132 354 1198 Si,
372 1133 471 1204 lrrqttit,
488 1142 514 1187 te
531 1133 630 1188 crebra
655 1132 804 1188 vicinarum
855 1144 916 1185 mea
940 1131 1028 1187 mitrii
1053 1133 1174 1202 nunguid
1202 1134 1260 1189 aris
1289 1135 1374 1190 tincta
1400 1149 1448 1205 per
1472 1137 1580 1191 totami
1601 1153 1648 1194 ve·

106 1235 131 1275 m
158 1224 304 1290 captivitas
325 1225 440 1294 ingenit,
459 1225 638 1280 Moabitarum
654 1233 681 1279 et
696 1224 806 1280 immo-
856 1223 913 1279 nite
928 1222 949 1289 ⁸,
966 1224 1186 1296 congregamini,
1207 1238 1301 1281 omnes
1323 1225 1417 1282 bestia
1430 1233 1508 1282 terrae
1525 1245 1531 1282 :
1548 1242 1647 1299 prope-

106 1328 142 1380 ro,
158 1312 322 1371 Pbilietbiior
349 1327 377 1371 et
399 1315 578 1373 ldamanrnm
601 1337 609 1372 ε
629 1317 695 1389 qaid
721 1317 805 1374 iacies
856 1327 916 1371 rate
933 1315 967 1372 ad
982 1317 1179 1373 dorononiam.
1199 1337 1209 1370 r
1236 1316 1307 1373 biti
1324 1336 1331 1373 :
1350 1337 1359 1370 e
1376 1315 1504 1388 Nonquld
1518 1319 1645 1389 spelunca

106 1420 174 1477 tgam
195 1407 395 1476 captiuitatem,
408 1409 490 1477 qaae·
507 1419 533 1464 te
549 1409 704 1465 Cbaidmam
718 1424 806 1480 arsque
857 1410 959 1481 bymnae
970 1409 1116 1466 hareditas
1128 1425 1186 1466 ntea
1200 1411 1474 1480 milti‘ianspcluoea
1487 1411 1645 1468 incircuitu

106 1512 128 1551 a
150 1498 212 1553 esti
234 1497 268 1555 Et
292 1511 433 1570 comparat
452 1502 558 1571 pedites
575 1501 724 1570 equitibus,
741 1502 806 1571 ouria
857 1501 916 1570 ejas
929 1515 1012 1573 snper
1024 1502 1106 1557 eanri
1121 1502 1238 1570 Pergltc,
1255 1510 1420 1572 congregate
1436 1516 1531 1557 omnes
1546 1500 1649 1558 bestias

106 1597 147 1645 ·et
159 1590 237 1662 justa
254 1591 397 1649 bistoriem
412 1593 503 1648 onmis
515 1593 619 1657 Persis,
635 1603 664 1648 et
679 1595 806 1649 universa
858 1594 928 1663 agri,
948 1602 976 1650 et
987 1596 1101 1650 reniant
1116 1603 1143 1650 et
1156 1595 1301 1650 comedant
1314 1607 1386 1649 eant.
1402 1611 1412 1646 r
1429 1593 1515 1649 tieem
1531 1591 1649 1649 discolo·

106 1695 162 1746 aa,
188 1691 216 1739 ct
243 1685 383 1753 regionum
412 1684 520 1739 illarum
546 1687 684 1741 enercitus
708 1686 807 1753 gaudet
860 1701 928 1750 rem,
942 1685 1135 1754 tinctamque*
1151 1698 1202 1754 per
1220 1692 1307 1741 tolum
1320 1684 1398 1755 iaxta
1415 1683 1532 1738 litteram
1550 1696 1648 1752 parunt

109 1774 949 1846 mistaeauterttgentes,gaassapramernoraui,beocat.
977 1776 1111 1844 Tantam,
1146 1777 1254 1848 lnquit,
1287 1776 1382 1832 imbuit
1416 1774 1647 1844 palchritudinem

106 1881 127 1920 tr
137 1865 326 1921 difficultatem
341 1867 475 1933 locorum,
489 1882 541 1922 oon
558 1878 613 1922 tom
626 1883 724 1939 pugnae
737 1879 807 1938 aptae
858 1868 953 1935 israel,
969 1875 998 1926 et
1012 1870 1097 1926 tantis
1111 1870 1164 1925 iuli
1176 1867 1328 1926 ierusalem
1344 1867 1473 1924 distincta
1488 1864 1647 1932 uirtutibus,

110 1970 192 2027 quam
212 1957 367 2013 latrocinio.
392 1958 545 2029 seruatque
567 1960 756 2029 arretapiroram
779 1968 807 2014 et
857 1966 888 2014 ut
901 1959 969 2015 nilril
984 1970 1058 2017 essct
1072 1960 1157 2032 928
1172 1959 1318 2025 bonorum,
1333 1957 1405 2029 quod
1420 1972 1473 2014 oon
1488 1966 1649 2013 cerneretur

106 2049 154 2106 ;Si
171 2066 233 2107 eam
252 2051 390 2120 peditibus
411 2067 526 2108 correns
548 2052 710 2109 lassitudine
730 2051 807 2108 deie-
858 2054 948 2122 inea.
968 2053 1037 2121 Quia
1059 2053 1140 2127 igitur
1157 2053 1224 2110 mibi
1243 2052 1315 2108 iacta
1336 2061 1380 2109 est
1399 2051 1545 2109 itaereditas
1561 2065 1648 2121 quon·

106 2141 172 2211 qaid
197 2142 280 2199 iacies
305 2145 328 2200 si
354 2145 434 2215 egetis
459 2160 569 2200 ostream
589 2155 667 2201 taum
688 2146 809 2202 volueris
858 2148 919 2202 elom
939 2162 1010 2214 mea,
1025 2148 1052 2205 id
1067 2156 1121 2215 est,
1140 2148 1256 2219 populas
1272 2147 1355 2205 israel
1371 2147 1449 2219 quasi
1469 2147 1513 2203 leo
1526 2146 1553 2201 in
1566 2145 1649 2211 silua,

106 2235 181 2291 tarel
197 2233 230 2288 lit
245 2235 268 2290 si
284 2236 311 2291 in
327 2246 399 2290 terra
416 2247 462 2291 tua
474 2236 593 2306 aliquam
606 2237 726 2293 babuisti
740 2237 810 2292 ilda-
858 2250 886 2296 et
904 2241 979 2296 dedit
998 2251 1094 2298 contra
1108 2255 1153 2298 me
1165 2256 1259 2298 uocem
1279 2255 1368 2309 suam,
1383 2247 1410 2298 et
1420 2254 1481 2297 eam
1496 2237 1573 2294 omni
1586 2237 1649 2291 odio

116 2325 182 2399 guid
199 2338 294 2382 actara
311 2341 351 2394 es,
367 2344 429 2383 eam
444 2326 592 2386 lordanem
612 2329 766 2395 transieris.
781 2339 811 2387 et
859 2334 1012 2388 detestatas
1036 2347 1096 2389 sam
1117 2351 1125 2390 s
1145 2333 1249 2390 ideirco
1276 2333 1367 2389 venite
1391 2341 1420 2388 et
1445 2328 1649 2403 congregamini

107 2418 229 2490 gurgites
244 2419 421 2478 sustinueris.
860 2435 954 2482 eontra
972 2440 1047 2493 eam,
1066 2439 1160 2481 omnes
1180 2424 1274 2481 bestiae
1287 2432 1377 2491 terras,
1393 2423 1562 2480 diversarum
1582 2435 1651 2491 gen·

107 2524 147 2568 ¹⁸·
162 2509 202 2583 ΙΙΙ
219 2511 303 2583 927
320 2531 331 2566 ι
348 2512 418 2567 Nam
437 2522 464 2569 et
484 2512 582 2570 iratres
607 2514 644 2569 tui
666 2523 694 2570 et
712 2513 811 2570 domos
861 2520 928 2573 tiam
946 2517 1103 2584 multitudo,
1118 2527 1148 2575 et
1167 2518 1296 2574 devorate
1310 2530 1370 2587 eam
1384 2531 1445 2588 qaas
1462 2529 1541 2572 saum
1559 2517 1651 2572 oonsi-

106 2636 108 2652 =
128 2603 168 2659 inl
191 2605 273 2660 otiam
292 2604 343 2675 ipsi
362 2616 552 2674 pugnauerunt
569 2604 811 2673 adversatorem
861 2627 926 2666 atam
945 2625 998 2666 raon
1019 2610 1158 2681 cognovit.
1173 2608 1221 2665 Sin
1248 2618 1351 2677 autent,
1374 2618 1405 2663 nt
1419 2607 1610 2679 Septuaginta,
1622 2617 1651 2662 et

106 2705 207 2750 ¹nerant
228 2706 290 2766 post
315 2704 341 2753 te
368 2698 448 2765 plena
474 2712 540 2754 voce
563 2714 570 2755 ι
591 2712 626 2752 ne
649 2700 746 2753 credas
770 2697 812 2752 eis
862 2704 908 2758 alii
932 2703 1097 2773 interpretes
1123 2702 1339 2766 transtulerunt,
1368 2699 1499 2768 legatur:
1523 2698 1651 2766 Nangsid
1724 2753 1727 2759 ,

106 2789 183 2845 ΙΜΙΙΙ
203 2789 305 2844 'iiiiii
325 2790 374 2845 tibi
398 2789 480 2845 bona.
498 2810 507 2842 ³
528 2789 556 2843 ¹¹¹
578 2799 694 2855 l²¹¹li¹¹¹b
712 2789 810 2859 inquit,
862 2795 986 2863 spelunea
1002 2795 1102 2866 itgoeum
1117 2794 1260 2849 ltnueditos
1278 2808 1337 2848 meo
1358 2793 1432 2857 arilei,
1450 2791 1599 2847 reseramus
1615 2791 1650 2845 ad

106 2881 193 2937 toltitls
206 2880 333 2936 domionis
348 2882 481 2952 Oiidilel'is
497 2882 635 2946 ilactibtts,
649 2890 677 2936 ΕΙ
690 2882 812 2951 equitum
864 2888 1063 2944 immunditiam
1090 2896 1232 2941 nocturna}
1252 2884 1356 2950 hemma,
1372 2898 1433 2952 qum
1454 2883 1521 2937 gigig
1542 2882 1653 2937 cadave-

106 2971 122 3031 Ι.
136 2988 200 3030 cum
215 2974 351 3046 eqtritata]
371 2977 403 3029 de
429 2975 509 3044 lontio
530 2974 696 3029 leuiei'lliffl
718 2973 814 3027 malti·
865 2984 942 3038 ribus
963 2989 1151 3043 mortuoram,
1172 2986 1200 3033 et
1218 2979 1252 3035 de
1272 2977 1406 3048 sepulcris
1433 2975 1503 3033 solet
1530 2973 1654 3031 eliodere

110 3067 240 3134 vastabit,
261 3077 291 3124 at
316 3069 414 3124 iratres
438 3084 546 3140 quoquae
574 3068 613 3123 tui
640 3067 762 3133 idoroet,
784 3079 812 3121 et
865 3085 993 3154 corpora,
1007 3068 1129 3138 nilailgae
1148 3077 1191 3124 est
1206 3067 1387 3122 immunditiae
1407 3080 1460 3134 (ιιι
1482 3078 1536 3119 non
1559 3077 1654 3119 vesca·

106 3162 216 3233 epatris
232 3163 281 3227 toi,
295 3163 342 3231 qai
356 3164 389 3217 dc
405 3161 457 3217 lot
471 3164 554 3231 stirpe
569 3162 626 3217 nati
642 3169 717 3228 sant,
732 3159 810 3215 liosb
864 3165 919 3211 iar.
930 3153 1016 3224 ,Talis
1035 3165 1077 3212 est
1092 3154 1177 3212 lsrael
1201 3154 1340 3213 offendens
1358 3155 1501 3209 bantinum
1518 3168 1608 3218 sanrn,
1626 3160 1654 3208 et

106 3268 183 3309 anton
198 3249 276 3323 (Gen.
294 3258 365 3322 xix),
381 3255 464 3307 etiam
481 3252 531 3319 ipsi
550 3261 672 3320 tempore
695 3250 813 3306 necessi·
863 3248 986 3302 ornniam
1002 3247 1150 3303 bestiarum
1167 3248 1306 3303 morsibus
1323 3245 1452 3302 traditas.

106 3353 136 3401 et
156 3345 286 3416 sogastiae
309 3344 440 3399 dimicent
465 3354 561 3397 citttlra
585 3352 621 3410 te,
636 3351 663 3397 et
680 3341 813 3398 iosaltent
899 3338 988 3410 ilcrs.
1007 3337 1064 3405 ii.)
1088 3356 1098 3391 ι
1119 3338 1246 3393 Pastores
1270 3337 1346 3392 malti
1370 3335 1491 3392 demoliti
1511 3344 1576 3391 sunt
1590 3335 1654 3407 (siue

106 3433 170 3492 inde
180 3450 246 3491 cate
258 3449 292 3490 ne
302 3435 370 3491 reiis
383 3435 424 3490 eis
438 3436 563 3499 eredere,
579 3443 606 3489 et
622 3449 696 3501 spent
711 3434 814 3488 babere
865 3428 1054 3500 disruperunt)
1069 3424 1125 3500 [dl.
1139 3424 1335 3498 corruperuntl
1352 3428 1458 3482 tineam
1475 3440 1573 3486 moeror,
1586 3441 1653 3480 cort-

108 3528 290 3597 ngaiaitatis.
317 3542 366 3597 per
392 3542 474 3597 rituam
502 3526 597 3595 majori
624 3525 652 3580 in
679 3533 706 3580 te
731 3540 813 3595 quam
865 3522 1039 3578 calcaverunt
1064 3522 1128 3594 (siue
1148 3521 1431 3592 petlaeramipartem
1448 3533 1556 3574 incarn:
1573 3518 1653 3572 dede-

106 3621 193 3677 sodlo
213 3620 371 3675 desaeviant.
390 3616 484 3676 Potest
506 3620 557 3674 ltoe
578 3628 605 3674 et
623 3619 657 3673 de
675 3617 815 3673 Snlaatore
867 3624 930 3669 rant
954 3615 1107 3685 portionem
1133 3627 1221 3668 meam
1243 3610 1452 3667 desiderabilem
1470 3611 1495 3662 in
1516 3609 1653 3662 desertam

106 3714 212 3783 equod
244 3713 344 3768 iratres
372 3714 442 3782 cios,
462 3722 490 3768 et
519 3712 617 3768 donnas
642 3711 728 3780 patris
755 3712 815 3780 cios
866 3706 1023 3781 solitudinis
1047 3706 1112 3777 (siue
1138 3704 1260 3771 inulam).
1281 3699 1655 3769 Posaeruntcamisioepo·

106 3803 817 3873 trerintooniraeam,etclamauerlotplcnavoce
867 3799 919 3855 sita
949 3799 1002 3868 est)
1027 3797 1056 3851 ia
1085 3794 1351 3864 dissipationem.»
1378 3792 1498 3847 Audiam
1523 3792 1580 3845 ltaec
1606 3789 1653 3857 qm

108 3909 149 3956 tes
167 3914 176 3955 ι
194 3895 341 3968 crucifige,
365 3897 488 3968 crucifige
511 3911 571 3950 earn
588 3909 597 3949 .·
615 3911 667 3949 sion
691 3893 816 3949 babemus
868 3887 1008 3958 principes
1025 3884 1120 3941 rolant
1140 3898 1201 3941 esse
1216 3884 1388 3955 populosam,
1405 3884 1477 3949 qaod
1492 3895 1546 3934 non
1565 3879 1653 3933 solam

106 4011 111 4048 t
125 3994 176 4050 rrisi
191 3991 325 4050 Cererem
339 3991 430 4062 (locri.
446 4006 505 4059 xta,
519 3990 576 4053 15).
868 3994 917 4050 pro
927 3994 968 4046 se,
980 3978 1028 4034 sed
1042 3986 1070 4033 et
1083 3992 1132 4048 pro
1147 3975 1301 4032 commissis
1314 3974 1366 4030 sibi
1383 3972 1510 4042 gregibus
1522 3969 1654 4025 redditori

106 4100 154 4144 ers·
175 4085 201 4151 7,
220 4086 262 4155 ii.)
285 4102 294 4135 ι
320 4083 425 4152 {leliqui
450 4082 560 4137 dotorum
592 4095 700 4148 meam,
725 4077 817 4134 diatrisi
868 4081 931 4129 sant
949 4072 1082 4128 rationem
1098 4070 1126 4125 ln
1139 4068 1301 4139 diejndicii.
1316 4063 1578 4136 i‘ropterilioseoior
1594 4075 1655 4132 pars

106 4180 213 4237 dilatent
233 4192 322 4233 trienni
338 4192 345 4232 :
362 4174 423 4232 dedi
440 4175 568 4230 dilectam
588 4174 709 4229 animam
728 4184 818 4226 meam
869 4164 977 4221 brittoni
1001 4162 1190 4228 conculcatur,
1207 4170 1288 4229 atque
1300 4158 1441 4228 polluitur,
1463 4164 1491 4210 ιιι
1508 4154 1552 4208 ubi
1569 4168 1655 4223 qtrott·

107 4287 189 4328 eoum
210 4271 383 4327 inimicorum
401 4268 471 4339 cias.
487 4266 568 4325 Facta
589 4274 633 4322 est
647 4264 713 4319 mibi
731 4263 819 4318 bsere·
841 4300 844 4305 .
870 4256 932 4311 dam
956 4263 1016 4310 erat
1040 4253 1200 4322 lraspitiam,
1217 4253 1254 4307 ibi
1282 4250 1319 4306 sit
1346 4248 1531 4306 babitaculum
1557 4248 1671 4302 bestia-'

113 4379 175 4421 mm
194 4365 272 4434 quasi
294 4363 334 4417 ιω
355 4362 382 4416 1„
400 4362 467 4415 ,ma
482 4372 491 4416 :
506 4358 582 4415 dem
600 4365 697 4412 emisa
714 4370 757 4411 mi
773 4369 820 4409 vo.
870 4362 942 4401 ratri.
965 4347 1018 4401 Alii
1034 4359 1100 4400 aero
1116 4359 1167 4399 non
1182 4341 1341 4413 prepositos
1367 4340 1454 4412 plebis
1473 4348 1500 4394 et
1531 4338 1659 4395 sacerdo·

117 4456 180 4513 ideo
202 4454 291 4509 audiri
312 4469 408 4508 eniri.»
426 4452 477 4520 Qui
499 4450 527 4505 in
547 4448 695 4520 Evangelio
712 4447 821 4503 locutus
835 4453 858 4510 ι)
873 4449 926 4504 tes,
940 4439 987 4494 sed
1004 4438 1123 4493 bostiam
1149 4435 1306 4505 intelligant
1320 4425 1469 4504 prin’cipes,
1486 4431 1532 4501 (μή
1549 4427 1659 4485 ierusa-

120 4546 246 4617 Smmsse,
270 4545 394 4600 abeamus
418 4544 478 4599 hinc
500 4543 594 4612 (dean,
618 4558 683 4606 xiv,
707 4540 772 4611 31„
796 4546 824 4594 ei
873 4532 937 4596 lem,
954 4529 981 4585 ΙιΙ
995 4537 1049 4595 esi,
1063 4527 1172 4583 vineant
1184 4526 1288 4581 Domini
1301 4524 1480 4594 dissiparant.

106 4657 130 4697 m
148 4658 158 4701 2
179 4640 352 4710 mummius
380 4637 453 4692 vobs,
479 4636 573 4690 donia,
602 4643 689 4688 acerra
718 4632 824 4686 deserni
908 4617 1394 4693 (iterandi.)‹baxitqaesoper
1413 4610 1661 4669 mezdesolatione

105 4750 190 4799 ‚xum
206 4734 265 4804 55).
285 4734 328 4787 bic
352 4730 408 4803 [eil.
429 4730 507 4800 ltinci
529 4729 612 4784 etiam
635 4727 664 4781 in
689 4724 825 4794 Propltcta
874 4716 995 4773 desolata
1013 4725 1057 4770 est
1072 4714 1165 4769 oannis
1182 4723 1263 4775 terra,
1283 4709 1346 4780 qrtia
1361 4708 1452 4762 nullas
1473 4714 1514 4759 est
1527 4703 1572 4772 qui
1585 4715 1661 4754 reco-
1761 4711 1763 4715 ·

106 4844 128 4883 to
147 4825 342 4888 comraiaatar,
363 4835 391 4877 et
412 4824 484 4891 ettad
508 4821 628 4875 lactemus
651 4826 705 4883 est,
727 4816 826 4871 iecisse
875 4807 944 4878 gitet
964 4807 1058 4863 eorde.
1075 4804 1162 4873 Super
1191 4815 1287 4856 ornnes
1315 4801 1372 4853 rias
1400 4795 1499 4851 deserti
1527 4798 1661 4846 verret-aot

106 4921 157 4976 eit.
173 4917 324 4973 iimrediias
341 4920 414 4971 cuim
431 4912 551 4978 Deretini,
566 4910 660 4977 lsrael,
675 4919 704 4966 ct
723 4909 827 4964 iaalca·
877 4909 1039 4963 sastatoitiis
1051 4897 1114 4965 iluid
1129 4895 1234 4963 iiidlllss
1252 4889 1357 4945 ⁰⁰¹¹’llll
1368 4886 1507 4941 d⁰¹⁰¹³⁹³¹
1522 4882 1555 4936 ΙΙ)
1569 4893 1661 4935 ‘m‘

115 5011 283 5068 ltaeroditatis
303 5008 373 5078 eius.
406 5003 482 5071 Quod
506 5011 596 5058 autem
614 5002 674 5061 aii:
703 5000 770 5055 Dedi
788 4998 828 5052 sli-
878 5008 922 5048 nto
949 5002 1029 5047 terrae
1053 5002 1138 5060 nsqtto
1156 4988 1357 5043 ²d⁰¹¹f0¹¹¹¹¹¹¹¹
1381 4979 1662 5049 ΙΙΙΙΙΗΙΟΙΙΙΙΙΙΙΙΙ

106 5120 131 5160 nt
146 5102 266 5160 animant
287 5115 372 5155 osseam
390 5099 418 5152 r'n
442 5111 551 5150 etenum
572 5093 739 5147 inimieorum
758 5090 827 5158 ejas,
878 5085 1014 5138 artitorsae
1040 5082 1126 5136 carni.
1148 5096 1159 5131 ι
1176 5075 1246 5133 Lxx
1266 5093 1273 5129 r
1296 5090 1305 5125 ι
1323 5072 1468 5140 Propterea
1486 5067 1664 5138 dissipatione

112 5206 167 5261 osi,
185 5195 350 5251 Potestatem
371 5190 454 5244 baleo
468 5185 582 5257 portendi
597 5183 715 5239 anienem
729 5195 826 5248 aream,
879 5176 1010 5246 dissipata
1034 5181 1077 5230 est
1102 5181 1185 5236 terra,
1203 5174 1254 5222 rei
1269 5164 1383 5234 reliqna.
1401 5160 1457 5216 ileo
1478 5158 1551 5229 quod
1569 5156 1663 5228 posui·

106 5400 187 5455 totea
203 5407 262 5453 erar
277 5409 336 5462 geter
350 5398 466 5460 :estque
488 5388 516 5442 in
532 5385 593 5442 aliis
608 5383 687 5439 libris
701 5387 827 5447 momine,
916 5375 927 5407 ⁸
935 5372 1089 5499 tobtinebat
1110 5380 1192 5427 antes
1209 5379 1364 5440 tectamque.
1380 5363 1451 5437 qaod
1485 5374 1551 5417 utos.
1579 5358 1667 5413 casti·

141 5468 272 5525 eiciatur.
880 5461 931 5518 geo
948 5483 955 5498 .

106 5471 195 5597 iias.
215 5548 243 5593 et
265 5535 396 5600 cistere,
418 5547 471 5602 prta
496 5525 654 5586 Gboldoeam
675 5538 757 5594 aegrae
780 5519 830 5574 du·
917 5512 1058 5567 'Addotnt
1087 5507 1143 5565 doto
1170 5522 1236 5563 mss.
1264 5505 1379 5561 cisterc.
1403 5512 1431 5558 et
1449 5499 1534 5562 ilatio.
1573 5502 1668 5559 subsc·

107 5626 125 5665 a
140 5625 177 5664 ea.
882 5584 991 5656 queritis
1002 5580 1129 5636 versiculi
1139 5578 1295 5647 pericopen,
1309 5573 1439 5646 lusitque
1450 5588 1530 5644 saper
1543 5591 1594 5636 tite,
1610 5572 1668 5625 sire

106 5678 146 5736 Es
167 5676 282 5733 liebraeo
307 5657 408 5746 (batia)
431 5679 459 5726 et
471 5668 592 5739 iatgaa
613 5665 681 5724 edit.
722 5662 832 5735 supplet
882 5655 960 5726 periit
973 5669 983 5709 .·
996 5652 1076 5735 guam
1088 5650 1197 5720 quidem
1210 5657 1237 5702 et
1250 5646 1340 5717 priora
1351 5648 1480 5703 aubeterre
1493 5648 1669 5711 expositionis

106 5749 195 5819 orias,
209 5756 302 5803 conire
315 5759 374 5801 eom
390 5742 482 5798 venite.
884 5725 965 5782 rerba
981 5719 1108 5778 uideatur
1122 5719 1264 5788 attingere.
