3788 6120
129 273 181 343 755
720 292 751 354 S.
770 294 928 357 eusebii
948 299 1170 361 ltteuellltss
1706 315 1762 377 'leb

126 396 201 467 syrtis
214 414 246 451 et
262 399 440 469 iniquitatem.
452 413 547 471 putant
560 404 781 474 redintereposse
792 423 912 478 peccata,
932 421 950 473 Α
967 414 1068 468 rolanm
1088 427 1113 469 te
1136 421 1177 487 {ce
1197 417 1271 487 (Gen.
1292 435 1349 485 ιιι,
1369 418 1423 488 li).
1441 419 1481 474 Ad
1504 434 1582 486 ouem
1599 419 1630 476 in
1645 420 1718 480 isaia
1733 434 1761 478 et

125 488 234 543 dicente
250 487 389 558 Scriptura
407 507 413 545 :
430 492 581 561 Redemptio
597 497 694 551 onituoe
721 499 784 565 oiri,
799 504 914 570 proprie
966 503 1077 560 lliclraea
1091 505 1161 575 (lta.
1179 522 1218 571 u;
1240 507 1319 565 llicit.
1340 513 1378 579 rr)
1392 509 1519 581 jubentur
1534 526 1661 580 currere,
1675 521 1761 583 atquae

125 581 333 653 diuitiaeil'roe.
350 599 409 643 tut.
424 584 463 653 8),
480 601 541 654 que
560 602 615 642 non
631 589 665 643 de
690 590 843 661 iniquitate,
865 597 912 649 sel
964 597 1159 654 conscendere.
1178 597 1338 670 Praecipitate
1360 610 1450 655 autem
1468 601 1546 672 juata
1563 603 1702 671 litteram,
1725 621 1761 659 ne

126 674 161 729 de
176 675 267 731 labore
282 686 309 731 et
322 677 427 746 justitia
441 690 651 752 congregantur.
965 685 1038 741 iuras
1052 699 1161 755 ereaut,
1178 706 1227 746 nee
1241 693 1370 747 deserant
1385 709 1488 761 neuros,
1508 693 1556 750 ted
1571 703 1710 752 tueantur
1726 712 1757 752 se

162 767 250 837 (Vere.
266 769 322 839 ll.)
337 769 505 840 tPropterea
518 772 654 830 haecdicit
666 775 797 832 Dominus
812 794 822 833 t
841 778 911 834 Eece
964 776 1131 834 firmissimis
1147 782 1354 840 munitionibus.

125 875 176 930 epo
191 860 299 917 daboin
318 863 442 933 poputum
457 864 538 919 istum
553 873 659 932 ruinas,
688 877 715 923 et
729 881 811 924 ruent
826 870 852 925 in
873 871 913 927 eis
1001 867 1092 936 (Vere
1111 869 1196 941 26it
1217 871 1286 926 Fi¹i²
1297 875 1389 946 medii
1408 876 1472 942 mei,
1491 876 1637 949 accingere
1648 875 1756 936 cilicio.

126 955 192 1020 (siae
206 955 403 1021 infirmitatem,
433 967 459 1012 et
477 957 687 1014 infirmabuntur
707 960 734 1014 in
761 959 805 1028 eal
822 970 913 1030 patres
966 970 994 1015 et
1012 975 1194 1033 conspergere
1221 963 1325 1031 cinere.
1352 967 1456 1024 luctum
1480 969 1616 1038 unigenti
1636 970 1704 1042 (tine
1717 971 1759 1024 di·

124 1055 152 1100 et
167 1045 214 1100 lilii
241 1046 331 1112 sitnnl,
349 1048 456 1103 uicinus
479 1064 509 1103 ee
526 1053 677 1120 proxitatis,
694 1060 720 1106 et
745 1053 880 1122 peribunt.
900 1073 909 1107 ι
963 1051 1036 1120 lecti)
1051 1053 1093 1107 iae
1106 1055 1154 1108 tibi
1171 1055 1310 1124 planetum
1332 1074 1455 1114 amarum
1466 1060 1532 1130 (sine
1546 1062 1756 1132 miserabilem),

123 1138 236 1206 impleta
264 1139 389 1196 rideruus
408 1144 500 1195 ottruia
523 1155 583 1209 quae
608 1142 740 1199 Dotrtiuns
758 1145 797 1198 illi
815 1141 913 1214 populo
964 1143 1025 1211 uitia
1045 1155 1155 1213 repente
1175 1147 1264 1201 veniet
1286 1156 1406 1204 vastator
1428 1151 1493 1222 (tite
1516 1151 1640 1221 ntiseliii
1671 1168 1758 1223 ‘illel

123 1232 307 1288 comminatus
316 1244 376 1289 est:
389 1235 507 1301 ottotirlie
515 1251 588 1291 eninr
601 1246 684 1292 rttttnl
697 1238 722 1292 iu
736 1238 912 1308 blasphemiis
965 1251 1013 1289 ¹¹⁰5
1028 1236 1093 1306 (s'te
1106 1252 1188 1305 sttpet·
1205 1240 1276 1309 tes).
1299 1258 1307 1292 ι
1326 1241 1395 1309 Quia
1412 1258 1491 1315 supra
1511 1244 1618 1300 dixerat
1640 1261 1648 1300 ε
1665 1244 1758 1300 Nolam

124 1326 194 1392 suis,
213 1327 334 1397 nihilque
359 1329 389 1382 in·
401 1342 431 1382 se
442 1329 543 1384 liabent
556 1328 637 1397 sorte,
654 1330 702 1385 sed
727 1331 818 1386 utitatis
842 1332 911 1401 apud
963 1329 1035 1381 exire
1047 1329 1083 1381 ud
1105 1346 1195 1399 apros,
1217 1341 1241 1385 et
1260 1334 1288 1387 iu
1310 1337 1353 1389 oio
1374 1351 1406 1390 ue
1420 1337 1559 1393 ambuletis
1590 1352 1602 1393 .·
1624 1341 1755 1409 quonium

124 1433 171 1474 cos
189 1419 336 1474 inlutuitas
348 1428 402 1474 est.
417 1420 475 1474 l'ilii
494 1431 602 1491 patrtun
616 1431 767 1491 sentiuntur
785 1422 912 1490 blasplre-
964 1417 1070 1488 eladius
1095 1422 1206 1488 inimici,
1232 1441 1315 1493 ponor
1332 1428 1359 1481 in
1376 1428 1506 1495 circuita,
1522 1439 1551 1486 et
1568 1432 1662 1503 lugam
1687 1445 1757 1501 qno·

125 1509 210 1574 naias,
228 1517 254 1563 et
273 1510 395 1578 qrrotidie
411 1511 549 1580 recipiunt
567 1511 642 1566 illam
661 1512 911 1580 imprecationem:
964 1526 1016 1580 tpue
1045 1513 1221 1582 prohibuerat
1243 1530 1251 1571 τ
1272 1518 1429 1589 deestquid
1449 1520 1539 1578 iacere
1566 1523 1701 1587 debeant,
1728 1534 1758 1579 ut

125 1598 307 1670 Seupuisejus
324 1615 468 1667 septennes,
481 1611 504 1653 et
515 1616 595 1668 snper
605 1599 676 1669 filios
688 1599 912 1667 nostrostllottlt.
964 1609 1298 1685 ctarivertantur,seiiieet
1325 1611 1359 1665 ad
1389 1613 1592 1682 poeniteutiam,
1621 1623 1650 1671 et
1683 1616 1756 1672 bane

124 1709 210 1758 ιιιιι,
223 1693 289 1763 Ξ5);
307 1702 335 1749 et
349 1708 402 1748 raon
419 1694 505 1747 enimn
519 1692 582 1759 ipsi,
599 1693 647 1746 sed
663 1703 688 1747 et
702 1693 785 1747 uicini
807 1703 833 1748 et
851 1708 914 1762 pro·
968 1693 1150 1752 llrudssinaam
1174 1707 1200 1752 et
1218 1713 1344 1754 securam
1359 1701 1477 1757 babeant
1501 1713 1683 1763 armaturam.
1704 1702 1755 1761 [ibi

124 1787 190 1843 xinti
215 1800 326 1850 eorum,
348 1796 376 1840 et
401 1799 498 1840 onttaes
517 1786 562 1856 qni
586 1784 684 1856 Legem
710 1797 735 1840 et
762 1783 912 1854 Propiutas
931 1768 1014 1841 Britis
1030 1788 1159 1852 diximus,
1178 1789 1289 1844 luctum
1307 1793 1435 1861 unipeniti
1454 1793 1497 1864 poc
1511 1794 1569 1854 tibi.
1584 1811 1635 1866 pro
1655 1797 1755 1866 unipe-

125 1890 277 1950 sequuntur
295 1881 373 1947 Juxta
386 1878 558 1934 occidentem
573 1878 706 1945 litteram,
725 1887 749 1930 et
768 1894 821 1932 utut
836 1876 911 1940 juxta
965 1880 1032 1943 nito.
1062 1880 1088 1935 in
1112 1879 1244 1938 Hebraico
1270 1884 1399 1939 scribitur
1427 1902 1484 1942 ruo
1508 1886 1520 1920 ⁸
1542 1886 1640 1959 (nm),
1677 1889 1753 1961 qnod

124 1975 249 2044 epla-itum
272 1973 468 2039 tirilieautetu,
488 1983 516 2026 et
539 1988 634 2027 limites
653 1972 756 2040 pariter
773 1971 910 2040 pcriiuun,
965 1961 1051 2042 tnagis
1063 1973 1224 2038 solitarium,
1239 1991 1320 2044 quam
1337 1978 1503 2048 unipenitum
1525 1991 1617 2036 sonat.
1633 1978 1665 2035 Si
1680 1981 1754 2036 euim

126 2066 189 2134 quia
203 2080 297 2119 omues
313 2064 416 2133 pariter
428 2075 623 2132 pecca-verunt.
964 2070 1036 2115 esset
1046 2063 1170 2130 dilectus,
1183 2065 1240 2120 site
1262 2066 1398 2136 emolliit,
1414 2080 1444 2123 ut
1457 2067 1528 2141 m
1539 2073 1756 2136 lranstuieruut,

162 2156 387 2226 (lmefflsti.)
406 2176 415 2208 t
434 2155 497 2210 llmc
517 2156 583 2209 dicit
605 2154 913 2223 boatiturs:lleeepo·
965 2155 1121 2227 rutnjllil’)
1149 2165 1306 2225 poneretur,
1351 2161 1423 2231 tpttod
1451 2173 1483 2232 et,
1509 2163 1648 2220 Salomoni
1684 2165 1757 2221 Dens

126 2251 205 2319 puius
217 2250 291 2305 teuit
303 2250 336 2304 de
353 2259 426 2303 terra
446 2248 599 2315 Aepuluuis,
610 2256 637 2300 et
658 2263 723 2316 geru
738 2260 833 2313 rtrapua
847 2261 913 2300 cern·
965 2262 1063 2301 notaten
1077 2247 1214 2316 imposuit.
1229 2251 1400 2306 Nibilautem
1410 2255 1555 2321 dolentius,
1567 2272 1651 2325 quarn
1668 2273 1755 2311 ιιιιιιιιι

126 2341 473 2412 surpetaiiuibusterrau
496 2338 627 2407 Sagittam
655 2348 681 2392 et
709 2351 815 2392 scutum
850 2340 913 2405 (siae
965 2339 1005 2389 tel
1025 2338 1111 2392 solunt
1129 2340 1241 2406 perdere
1256 2341 1337 2395 lilium
1355 2342 1395 2414 (ll
1411 2344 1474 2415 Rep.
1491 2345 1552 2418 ru).
1565 2346 1757 2420 illuduntque

126 2431 293 2505 aelryauunu)¹
316 2432 453 2501 arripiet:
476 2431 592 2486 crudelis
613 2443 653 2485 est
677 2431 730 2499 (rei
759 2429 911 2500 itnpanlcus)
964 2432 1036 2498 quod
1054 2443 1104 2486 nos
1124 2431 1295 2502 interpretati
1313 2438 1498 2507 sucurrerunt
1529 2450 1636 2506 repente
1668 2441 1756 2495 ueniet

125 2539 152 2582 et
170 2542 221 2582 nou
235 2527 433 2582 miserebitur:
450 2541 503 2578 toa
519 2523 579 2593 ejus
592 2526 669 2593 otrasi
690 2541 764 2577 attare
782 2523 910 2576 suttabit:
964 2530 1094 2590 vastator,
1110 2523 1168 2577 sive
1189 2526 1295 2578 miserie
1312 2543 1392 2592 super
1414 2544 1473 2594 nos,
1492 2529 1686 2601 Septuaginta,
1711 2548 1756 2587 stt·

125 2631 153 2674 ct
165 2634 247 2689 super
261 2632 348 2686 euuet
375 2619 534 2684 ascendent,
554 2617 698 2687 praeparati
723 2615 800 2684 aptasi
824 2615 864 2669 tir
878 2611 911 2668 ad
963 2628 1071 2682 petros,
1084 2628 1234 2685 posuerunt
1249 2635 1256 2671 :
1269 2633 1330 2673 eum
1343 2621 1508 2677 rtaatitolleus
1521 2623 1757 2680 misericordius*

126 2709 438 2782 praeliutuatltetstnn¹
465 2719 502 2773 te,
522 2708 577 2762 lilia
601 2704 678 2761 Sion.
698 2724 708 2758 ι
730 2706 843 2776 Proprie
861 2705 913 2759 boe
964 2704 1064 2760 dixerit
1084 2722 1092 2762 t
1113 2716 1143 2761 ut
1164 2708 1296 2778 quidquid
1326 2720 1408 2780 snper
1434 2728 1512 2767 suum
1533 2723 1682 2769 renturntn
1713 2724 1757 2769 est

125 2807 159 2864 pe
173 2805 329 2877 Baityloniis
346 2803 534 2873 prophetatur,
554 2802 599 2871 qui
615 2800 722 2853 voraturi
740 2808 804 2852 saun
817 2808 912 2850 cotnra
963 2796 1104 2866 populum.
1123 2812 1204 2864 supet
1227 2815 1257 2855 se
1272 2815 1380 2872 quoque
1403 2803 1497 2857 venire
1511 2811 1638 2860 testetur.
1656 2802 1757 2860 Vasta·

126 2899 257 2968 populum
277 2893 602 2967 luprasaletnzetomuis
620 2903 764 2945 munatium
787 2891 914 2943 untode·
965 2898 1051 2943 torem
1074 2900 1163 2944 autem
1195 2893 1316 2963 proprie,
1346 2893 1388 2949 tei
1418 2892 1682 2965 Nabuchodonosor,
1712 2898 1756 2955 rel

126 2990 267 3054 scribitur,
281 2999 308 3043 et
323 2989 439 3057 impetus
454 2985 652 3056 praeliantium,
674 2995 701 3035 ut
719 2983 794 3035 uocis
807 2990 913 3034 terrore
964 2979 1100 3035 diabolum
1110 2981 1256 3052 signifieat.

126 3083 263 3148 cerronesi,
287 3092 368 3153 agant
397 3075 599 3150 poettiteutlam,
620 3088 647 3131 et
669 3074 949 3160 elenuntissitutuuc
1002 3071 1092 3141 (llere.
1107 3073 1143 3128 27
1158 3079 1246 3146 seqq.)
1265 3096 1274 3128 a
1295 3056 1469 3134 probatorem
1488 3077 1549 3134 dedi
1563 3088 1590 3136 te
1609 3078 1636 3134 in
1652 3080 1756 3152 populo

126 3178 236 3250 placent
258 3178 353 3232 bertin.
376 3173 498 3244 lienium
520 3173 566 3228 dat
590 3171 761 3226 occasionem
786 3168 910 3238 repetendi,
965 3178 1025 3218 naeu
1039 3166 1191 3230 robustum,
1218 3177 1245 3219 et
1271 3168 1353 3234 scies,
1369 3168 1538 3240 etprobabis
1554 3170 1625 3225 tiam
1640 3186 1753 3228 eornm.

127 3276 191 3322 dum
216 3267 291 3333 dicit,
310 3266 499 3326 aduersante,
521 3263 579 3332 filiu
601 3261 677 3317 Sion.
695 3259 843 3315 Possumus
860 3257 912 3310 iroe

128 3359 285 3414 restituente
314 3357 389 3411 abuti
415 3355 614 3425 persecutionis
641 3362 775 3419 tenuiore,
801 3354 912 3418 qttandn

127 3453 219 3508 tttntiis
231 3453 360 3505 aduersus
381 3466 432 3506 uns
449 3449 548 3503 diaboli
566 3448 653 3500 rabies
669 3447 832 3501 concitatur.
850 3440 911 3495 uul-

128 3546 207 3613 laum
233 3542 419 3598 misericordia
442 3552 484 3596 est
505 3557 513 3595 t
531 3547 558 3592 et
576 3538 654 3608 quasi
677 3533 910 3590 t'citetncutissitni

127 3639 211 3695 maris
224 3636 334 3701 fluctus,
352 3633 388 3688 ita
400 3632 555 3701 opprimunt
568 3629 734 3683 resistentes.

163 3732 254 3801 (llere.
271 3728 329 3798 il.)
351 3745 362 3780 t
381 3725 543 3781 erudivimus
559 3721 660 3777 iatttatn
677 3721 736 3791 ejats
751 3737 758 3775 t
772 3720 912 3775 dissoluta

127 3835 192 3882 snut
213 3838 310 3877 matun
328 3818 415 3890 889
431 3829 550 3880 nostrae3
578 3813 716 3866 tribulatio
733 3813 911 3880 apprehendit

128 3933 189 3982 nos,
220 3918 329 3971 dolores
355 3912 432 3982 qttasi
458 3908 653 3980 parturientem
680 3909 702 3960 ¹.
734 3903 914 3971 »Respondit

109 3994 114 4011 '
129 4009 243 4081 populus
255 4008 298 4061 cui
314 4003 456 4076 propheta,
486 4007 539 4055 itno
555 4014 601 4067 pet
612 3997 769 4069 prophetam
782 3993 914 4049 Dominus

129 4100 285 4172 llabplouiis
311 4096 494 4153 comminatus
522 4102 564 4148 est
582 4109 589 4144 a
608 4092 671 4161 qttia
698 4098 844 4156 autequam
871 4100 915 4139 te-

130 4195 217 4260 tiuut,
246 4194 344 4247 timore
369 4187 488 4258 superati
509 4185 574 4250 sint,
598 4198 648 4238 uee
675 4182 783 4252 possint
807 4179 914 4235 cienue

131 4299 239 4346 totatuta,
250 4293 278 4338 et
288 4281 410 4352 angustia
425 4294 473 4335 ees
492 4273 730 4345 cotmprelrenderit
742 4271 818 4339 uuasi
835 4271 915 4326 duint·

131 4375 351 4445 parturientem
374 4388 430 4442 quo
446 4371 540 4425 dolore
561 4367 630 4421 uilail
646 4366 781 4420 aillirmaut
804 4363 914 4434 gravius

130 4485 191 4543 quae
204 4476 362 4525 senserunt.

165 4562 255 4635 (vers.
269 4560 328 4630 25.)
354 4578 364 4610 t
382 4556 470 4612 Nolite
491 4555 566 4610 crire
580 4556 613 4609 ad
628 4568 718 4624 agros,
737 4551 805 4605 etin
823 4551 864 4602 ria
882 4567 916 4603 ue

130 4652 273 4711 ambuletis
286 4668 293 4703 :
306 4648 435 4719 qnoniam
450 4645 557 4716 gladius
569 4643 690 4709 inimici,
710 4652 795 4712 paritr
814 4641 839 4694 iu
860 4639 917 4693 eir-

129 4746 215 4802 enitu.
233 4763 244 4797 r
263 4741 347 4799 iiocet
363 4739 542 4810 Euangeliou
557 4735 667 4808 (llottlt.
693 4735 770 4804 xxiv)
787 4748 838 4787 nou
856 4746 917 4788 esse

130 4839 285 4896 esetttrdutn
304 4837 331 4892 iu
356 4851 461 4908 agrurn,
489 4846 539 4887 nee
559 4832 592 4886 de
616 4837 752 4886 tectorum
770 4825 918 4881 altitudine

35 4980 43 4991 .
130 4932 361 4997 descendendum,
393 4928 441 4983 sed
468 4924 637 4982 audiendum
659 4922 726 4978 illud
746 4939 753 4975 :
772 4921 805 4974 lu
829 4928 917 4972 nieme

169 5117 178 5148 ¹
192 5116 251 5170 litto
259 5128 325 5169 mss.
341 5127 430 5183 saper,
447 5124 496 5179 pro
507 5109 647 5163 moeream
665 5105 776 5161 babent.

167 5189 178 5219 ¹
195 5185 278 5240 iidem
291 5198 358 5239 mss.
373 5179 600 5252 quemadmodum
616 5187 642 5232 et
659 5191 741 5244 penes
764 5174 923 5237 dabantur..

131 5268 155 5310 rt
174 5257 279 5310 dolores
302 5254 380 5320 quoti
401 5250 593 5319 parturientia..
608 5246 642 5301 Et
657 5248 739 5317 panio
757 5256 829 5315 post,
856 5246 918 5314 quio

132 5328 202 5396 qaod
216 5333 357 5393 antequam
375 5322 490 5378 renitent.

170 5395 268 5450 ’leid
291 5392 348 5447 line
363 5406 461 5445 rtottren
473 5389 616 5446 ilebraeurn
631 5402 692 5443 curn
709 5385 833 5455 proxime
847 5400 917 5439 eou-

133 5466 258 5538 sequenti
276 5461 400 5518 nonnihil
417 5469 575 5530 corruptum
597 5468 639 5511 est
653 5458 679 5510 in
699 5455 791 5510 tuuitis
824 5470 918 5508 tuatut-

133 5539 244 5605 scriptis
255 5532 468 5602 exemplaribus,
481 5531 524 5584 ubi
538 5525 797 5595 seripturcsantiqui
810 5536 919 5594 proptor

134 5606 299 5673 unperuiatu
318 5603 418 5672 iittgtrae
437 5598 577 5654 Hebraiea‘.
594 5597 646 5650 did
666 5598 736 5658 silae,
756 5605 916 5664 posueruut,

134 5688 162 5727 et
173 5676 265 5735 ididae,
284 5675 324 5728 vei
338 5673 426 5736 idida,
443 5677 489 5723 aut
505 5668 588 5732 idtde,
607 5682 654 5736 pto
671 5681 736 5726 tntn,
758 5667 829 5731 uuud
852 5666 918 5718 dite-

130 5754 205 5803 rtttm
219 5744 371 5818 siguilieat:
390 5745 413 5800 si
428 5741 501 5798 euim
516 5746 662 5810 paeteretur
682 5738 778 5801 blidin,
795 5737 916 5792 ‹tilectum

965 3253 1065 3311 Omnes
1077 3257 1122 3313 isti
1136 3258 1272 3327 principes
1282 3260 1450 3317 declinantes
1462 3262 1526 3333 (sios
1540 3262 1755 3334 inobedientes),

965 3349 1137 3406 atubuiautes
1151 3351 1338 3408 iraudulenter
1354 3356 1418 3426 (tire
1430 3355 1576 3427 perverse).
1591 3355 1643 3412 AEs
1655 3369 1684 3413 et
1701 3357 1756 3413 ier-

965 3455 1037 3506 rtuu,
1056 3442 1175 3497 uniuersi
1200 3445 1321 3513 eorrttpti
1345 3455 1419 3511 sunt,
1446 3444 1753 3504 delectamentorum

965 3535 992 3590 in
1007 3535 1068 3604 igue
1080 3534 1170 3605 (quem
1180 3535 1380 3605 significantius
1393 3536 1482 3594 Graeci
1499 3541 1649 3611 φυσητῆρα
1663 3540 1754 3611 appel-

966 3628 1047 3696 iant).
1071 3641 1261 3700 consumptum
1291 3641 1333 3686 etl
1363 3629 1447 3702 890
1470 3630 1623 3702 plumbum,
1648 3630 1752 3688 frustra

966 3717 1093 3773 cottilavit
1109 3720 1239 3774 caullator
1254 3721 1319 3788 (site
1334 3720 1528 3793 arpetttarins).
1546 3720 1658 3778 ilaiitite
1680 3724 1754 3778 enirn

966 3824 1062 3866 eorum
1080 3826 1133 3866 nou
1155 3820 1219 3868 sunt
1237 3826 1404 3883 coustnuptae
1421 3829 1429 3867 τ
1444 3826 1589 3883 argentum
1605 3815 1753 3885 reprobum

966 3912 1061 3958 uocate
1077 3918 1135 3968 eos,
1164 3905 1226 3973 qnia
1251 3904 1381 3960 nocerinus
1397 3905 1510 3976 proiecit
1522 3906 1583 3961 illos
1598 3906 1621 3963 ¹.
1642 3927 1652 3961 r
1669 3908 1755 3963 batur

966 3996 1098 4065 propbeta
1135 3998 1234 4066 populo
1268 3997 1412 4051 ineredn'n
1448 3998 1579 4067 probator
1611 4000 1751 4063 robustus.

966 4087 1037 4158 quod
1059 4086 1191 4142 llebraice
1210 4088 1310 4143 dieitur
1340 4103 1440 4143 urasan
1465 4087 1583 4161 (amn),
1615 4093 1690 4160 quod
1713 4091 1753 4147 tei

967 4180 1109 4243 utuuituat,
1132 4179 1208 4250 juxta
1233 4179 1372 4249 Aquilam,
1389 4180 1430 4235 tei
1453 4180 1574 4237 clausum
1589 4192 1676 4254 etque
1704 4186 1753 4238 rir-

966 4273 1133 4338 cuutdetum‚
1163 4270 1240 4341 jutta
1273 4271 1465 4344 Syrnnmcirutn
1499 4284 1526 4329 et
1556 4274 1629 4331 Lxx
1663 4287 1753 4342 sonat,

967 4364 1053 4418 ittetar
1076 4364 1151 4419 urbis
1167 4365 1331 4420 llrmissinate
1352 4366 1374 4431 ⁸,
1396 4375 1426 4420 ut
1443 4365 1529 4422 utilias
1553 4368 1645 4436 populi
1672 4371 1755 4438 perti·

933 4445 955 4502 ί)
970 4463 1074 4510 meseat
1088 4455 1220 4524 insidias3
1243 4466 1271 4511 et
1284 4471 1345 4511 euru
1357 4459 1526 4527 probareris,
1545 4459 1595 4527 ait,
1608 4469 1635 4514 et
1652 4462 1753 4518 scieris

967 4551 1038 4602 aiam
1052 4549 1143 4619 populi
1157 4549 1351 4621 delinquentis,
1371 4558 1436 4606 tune
1457 4549 1594 4623 intelligas
1610 4561 1757 4623 argentum

968 4655 1023 4696 tere
1041 4640 1217 4695 commixtum
1233 4639 1308 4695 nulla
1325 4641 1432 4697 ratione
1447 4643 1662 4712 possepurpart.
1683 4643 1760 4723 Quo·

968 4733 1049 4788 utorio
1065 4731 1136 4786 enirn
1155 4724 1295 4801 plmubnui
1311 4730 1439 4787 miscetur
1452 4731 1579 4799 metallis,
1597 4748 1659 4804 utne
1679 4734 1758 4790 adul-

970 4836 1056 4882 terata
1085 4838 1150 4881 suut
1178 4835 1262 4898 atque
1282 4827 1394 4894 violata,
1413 4836 1442 4881 ut
1469 4827 1584 4883 materia
1610 4836 1758 4897 separetur

969 4919 1070 4989 aliena,
1088 4930 1117 4976 et
1130 4918 1153 4975 si
1169 4919 1283 4977 forsitan
1299 4932 1412 4993 purgata
1426 4935 1480 4976 uon
1495 4920 1592 4985 inerit,
1613 4920 1757 4991 plotubtun

970 5102 1078 5158 bomini
1107 5111 1230 5167 sonaret,
1261 5115 1314 5157 nnn
1346 5101 1472 5156 dilectum
1497 5100 1702 5169 tantummodo,
1730 5110 1761 5156 ut

969 5184 1061 5226 retonat
1073 5173 1262 5243 llierouytuus.
1274 5172 1410 5227 llanrun.

1005 5242 1016 5273 ⁸
1039 5244 1092 5299 l‘re
1116 5243 1325 5309 misericordiae,
1341 5246 1367 5296 in
1386 5242 1475 5297 tribus
1499 5255 1565 5296 mss.
1587 5249 1630 5296 est
1645 5241 1761 5296 mirali-

969 5315 1032 5370 litte.
1090 5337 1094 5344 ·

1006 5387 1016 5417 ⁸
1033 5384 1149 5440 Cisterc.
1166 5397 1227 5437 eum
1242 5381 1341 5439 vatic..
1360 5384 1421 5452 quin
1443 5381 1544 5453 projeci
1556 5395 1612 5437 tot.

1008 5456 1109 5524 ‘Atqui
1125 5453 1224 5507 babent
1240 5449 1321 5516 ext,
1332 5451 1359 5506 iu
1373 5452 1626 5517 laodienusseltem,
1642 5466 1705 5519 qum
1725 5451 1760 5505 ad

969 5542 1021 5581 ntis
1044 5540 1129 5591 trsuuu
1155 5533 1350 5593 peruenerunt,
1378 5521 1595 5594 eterrtplaribus,
1622 5523 1653 5574 iu
1681 5521 1758 5583 λαοῖς

969 5596 1223 5664 δεδοκιμαιμένοις,
1246 5607 1306 5662 apua
1321 5595 1377 5657 vir,
1394 5602 1442 5646 aut
1464 5607 1498 5648 ne
1513 5590 1557 5647 rix
1572 5592 1696 5663 quidem,
1716 5592 1764 5648 lus

970 5668 1057 5722 instar
1073 5666 1144 5718 urbis
1159 5663 1328 5731 protentum,
1344 5673 1505 5719 consonant.
