3788 6120
149 243 203 307 ult
733 250 762 313 S.
786 250 944 313 Eususstt
962 247 1185 312 utnnontttt
1718 240 1776 313 Ν

147 370 219 421 estu,
235 356 374 426 repulcliit
389 357 504 413 multum
517 356 594 427 (lte.
606 356 666 427 stt).
677 356 758 414 linuit
771 360 855 430 iqitnr
869 361 932 431 quie
944 369 971 426 Α
982 359 1018 415 ult
1043 374 1100 415 rem
1121 367 1186 429 puto
1211 352 1343 410 advenum
1366 356 1395 407 et
1413 347 1612 405 mercenarium
1629 346 1781 405 dessectis

148 458 361 516 externuserut,
378 465 429 507 nec
444 451 715 520 tlepopuloilei,sed
731 452 826 508 relictn
840 469 936 510 errore
989 466 1042 508 non
1056 449 1199 506 comedere
1211 448 1232 513 ¹,
1249 459 1301 501 nee
1325 456 1420 499 seruos
1441 448 1598 497 cunctorum
1617 452 1679 495 csse
1692 437 1781 508 perti·

149 553 309 606 corruerent,
327 555 380 594 non
394 539 473 594 unitis
493 539 627 609 plurilus,
642 540 689 594 sed
716 550 827 595 tentum.
848 543 936 599 tribus
986 537 1295 617 eipes31loncuimolt
1320 534 1493 591 dilectionem
1523 529 1643 596 Dontiui,
1668 531 1717 587 sed
1742 528 1782 585 ob

149 642 251 697 pertus
277 639 303 685 et
321 631 454 695 rttndicus,
472 640 500 685 et
526 631 657 700 inglorius
684 632 863 701 relinquetur.
888 631 935 688 isti
988 618 1141 688 mercedem
1168 639 1266 685 cuncte
1294 628 1409 689 iaciunt,
1433 625 1479 697 qui
1507 625 1656 679 coinredum
1681 622 1782 679 doinus

149 729 212 774 snm
231 720 306 786 enni,
321 721 464 791 dequibus
479 732 506 776 et
519 721 583 776 slibi
597 721 715 794 legimus
728 739 736 776 ι
751 721 937 778 Recordareini
986 723 1138 787 viduorum,
1162 730 1189 776 ct
1214 718 1339 789 proprios
1366 716 1507 772 adducunt
1528 729 1633 785 greges,
1652 721 1682 768 nt
1706 712 1782 771 lauis

148 811 937 885 dicrnrttcoernlillsr.munilietiterum:quitutidiec
985 828 1081 868 eorum
1114 814 1318 872 vestiuntur,et
1336 809 1378 863 lec
1407 806 1545 878 mulgeant
1560 805 1665 877 llluttlr.
1687 803 1782 874 utut).

149 903 283 971 antiquos,
300 913 325 956 ct
345 920 429 957 nttnot
449 914 559 958 oetcrnnc
582 904 610 957 in
635 914 721 962 mente
745 905 827 959 delui
848 904 935 977 (Peri.
987 904 1064 971 Quod
1080 903 1114 957 de
1135 903 1258 958 doctrine
1284 899 1402 954 diximus
1427 899 1609 962 mercenaria,
1623 893 1783 953 retenens

147 1006 240 1056 titur,
255 992 294 1061 tt).
321 991 349 1048 st
373 995 445 1049 entim
463 994 565 1048 uutlrrae
579 1001 606 1049 ct
619 994 821 1067 exemplaribus
834 998 938 1052 seruie-
987 996 1021 1049 sd
1034 1003 1144 1050 cetera.
1154 991 1183 1050 Si
1198 992 1306 1063 pinnen
1318 990 1533 1060 clrerunsynum,
1549 995 1579 1044 ut
1593 987 1731 1059 qlnridrer
1741 988 1781 1045 uu

148 1081 194 1135 lust
203 1082 282 1151 iustu
297 1098 407 1138 curnem
422 1085 515 1152 lsrael,
529 1095 557 1142 et
569 1086 658 1140 onmis
668 1100 764 1141 eorum
776 1087 937 1146 solemniter
988 1085 1156 1150 hominibus,
1167 1085 1257 1154 recepi
1270 1084 1423 1138 mercedem
1436 1096 1539 1145 meatu,
1548 1090 1576 1136 et
1591 1079 1781 1137 mercenarius

147 1169 303 1226 luturornm
323 1181 382 1227 eret
400 1182 589 1243 typus,qnsre
607 1179 778 1231 nonetnnni
794 1179 936 1247 presentis
988 1174 1253 1244 appellandussun.
1283 1171 1312 1227 Si
1343 1181 1452 1228 centurn
1470 1186 1532 1228 esse
1556 1186 1600 1226 me
1614 1171 1725 1239 tinnulo,
1747 1179 1782 1228 et

148 1261 278 1330 temporis
293 1261 383 1316 lutura
399 1270 520 1331 tempore
536 1263 733 1334 praefigurent?
747 1267 782 1321 de
798 1266 897 1335 quilius
909 1275 936 1322 et
987 1264 1060 1320 uliud
1074 1273 1114 1320 est
1135 1262 1163 1317 in
1183 1264 1351 1320 couscientia
1380 1277 1451 1329 ntes,
1472 1264 1560 1318 liabeo
1578 1278 1632 1319 uon
1660 1262 1781 1334 qlorlsrtt

147 1352 173 1406 iu
193 1352 248 1408 slio
264 1352 324 1408 loco
341 1353 478 1422 legimus:
494 1352 564 1420 Quid
579 1355 684 1424 facietis
703 1355 730 1410 in
759 1355 851 1412 dicitu
872 1373 935 1413 rnn-
988 1353 1163 1419 mercenarii,
1176 1356 1224 1411 scd
1242 1355 1376 1424 supplicis
1400 1354 1560 1424 peccatoris.
1578 1353 1611 1409 lit
1625 1354 1652 1408 itt
1666 1368 1783 1425 compe·

146 1451 248 1505 nentur,
273 1451 298 1497 rt
324 1445 352 1497 iu
369 1443 460 1498 dielur
482 1443 633 1513 {erricitutir
658 1445 765 1498 domiui
779 1445 793 1499 l
807 1443 886 1515 (Osee
899 1460 937 1511 rx,
987 1447 1094 1502 ratione
1117 1447 1235 1503 duorum
1249 1446 1393 1514 mulorum,
1404 1445 1493 1502 leuius
1508 1444 1607 1500 mulum
1624 1456 1665 1502 est
1680 1456 1781 1517 aperte

145 1530 187 1602 5.)
207 1530 336 1604 Quodque
350 1533 485 1602 innuitur,
511 1535 588 1603 quusi
616 1536 680 1589 nuni
703 1537 869 1601 mercenarii,
886 1536 939 1593 ltoc
988 1552 1113 1608 peccare,
1124 1554 1206 1609 quem
1218 1537 1348 1594 tintulure
1360 1548 1387 1593 et
1407 1537 1510 1607 flnqere
1525 1538 1710 1594 sanctitatem.
1724 1535 1781 1596 Vo-

144 1622 275 1687 ostendit,
284 1623 356 1694 qund
375 1623 443 1680 tetra
460 1623 583 1679 doctrine
611 1640 660 1694 pm
686 1625 763 1681 lucro
779 1637 881 1682 cuncts
895 1628 938 1682 ls-
987 1643 1048 1683 rum
1074 1639 1102 1683 et
1125 1627 1152 1683 in
1177 1629 1228 1684 ltoc
1254 1627 1394 1699 pmiectur
1412 1638 1456 1683 est
1474 1626 1563 1691 linui),
1586 1634 1617 1681 ut
1637 1628 1684 1696 qui
1698 1627 1780 1696 prius

144 1710 201 1767 rint
214 1723 297 1784 utque
313 1714 483 1786 compendio.
510 1712 608 1772 Omnis
631 1715 706 1771 enim
734 1719 931 1785 mercenariur,
950 1713 1085 1772 Bmultns
1094 1716 1196 1771 erroris
1209 1716 1253 1771 sni
1268 1715 1385 1771 ltcuebst
1394 1716 1518 1779 cotnites,
1530 1723 1623 1784 postes
1634 1714 1780 1787 redigetur

143 1805 230 1876 etqui
250 1821 302 1861 non
319 1817 360 1862 est
384 1814 488 1874 pustor,
511 1807 591 1877 cuius
608 1822 661 1862 uon
687 1818 752 1864 sum
769 1824 843 1875 ones,
867 1825 931 1865 cum
985 1810 1019 1864 ed
1045 1823 1147 1880 puucos
1159 1824 1169 1876 ;
1185 1808 1228 1864 uel
1242 1808 1289 1878 qni
1315 1807 1392 1877 prius
1415 1808 1517 1864 multus
1532 1816 1592 1862 eret
1614 1805 1643 1861 iu
1667 1805 1778 1865 divitiis

145 1895 242 1950 uiderit
267 1897 357 1967 lupum
375 1898 530 1954 uenientem
557 1897 636 1969 iupit,
657 1899 722 1968 quis
748 1901 934 1957 intercennrius
986 1909 1171 1970 peecutomnt,
1187 1907 1249 1968 post
1264 1898 1450 1967 poenitentium
1467 1911 1566 1970 pervus
1578 1897 1782 1969 etpuuperslt

144 1995 197 2053 cst,
208 1995 237 2042 et
252 2002 317 2044 ores
331 1987 364 2043 nd
378 2002 440 2044 eum
457 2003 510 2044 nnn
530 1989 667 2057 pertinent
685 1988 778 2061 (lone.
792 1990 831 2060 x).
846 1990 932 2058 Quem
985 1991 1013 2045 in
1032 1990 1145 2046 mulitia.

181 2144 189 2175 ¹
207 2140 294 2201 Vetic.
308 2160 316 2202 τ
332 2144 525 2202 nanceianum
543 2146 689 2201 incedunt
707 2146 740 2200 dc
759 2145 858 2201 sanctie
881 2163 934 2203 non
953 2148 1105 2211 eneruem
1116 2146 1160 2203 ted
1172 2161 1273 2213 ternos,
1286 2157 1340 2202 etc.

689 2520 871 2613 ulnus
914 2515 1233 2612 surtinus.

175 2921 359 2994 277-278
373 2921 513 2994 Septimus
527 2922 596 2978 liber
608 2921 680 2977 idern
694 2921 772 2991 juste
787 2894 927 2995 suuqoqcn
984 2916 1052 2972 uiris
1069 2923 1164 2971 contre
1180 2913 1276 2971 ludam
1297 2923 1325 2970 et
1335 2912 1499 2980 lerusslem,
1526 2911 1572 2982 qul
1600 2910 1771 2983 rcttquersnt

135 3016 279 3071 ‘secundm
304 3020 358 3082 est,
385 3014 441 3069 ino
455 3021 603 3071 extremus.
624 3012 656 3068 ln
672 3014 724 3069 ltoe
744 3014 818 3070 coint
835 3015 963 3093 decenm
981 3006 1125 3064 Dotttiuum
1142 3024 1149 3061 τ
1167 3014 1194 3062 el
1211 3020 1305 3062 omnes
1320 3020 1415 3061 eornm
1430 3004 1498 3076 lcqis
1523 3018 1555 3058 uc
1573 3003 1770 3075 prophetorum

143 3104 278 3160 visionum
293 3103 458 3176 tropnlnqlcs
475 3103 632 3175 explanatio
650 3102 832 3159 terminetur:
846 3117 927 3175 quen
981 3096 1253 3162 sustulerc‘diuitiss,
1271 3105 1299 3152 et
1321 3095 1452 3152 miserunt
1470 3094 1526 3166 regi
1541 3092 1677 3160 nauseet,
1693 3092 1772 3151 rlres

143 3193 199 3266 [At.
214 3192 309 3266 quent]
337 3209 399 3250 enm
433 3196 499 3261 tuis,
522 3194 712 3260 Eustochium,
733 3194 870 3264 precihus,
899 3204 928 3250 et
978 3187 1301 3245 scilicetecclesinrticos
1325 3198 1353 3243 ct
1369 3187 1500 3243 doctrino
1528 3182 1770 3256 compellamini

141 3285 254 3341 Christo
273 3285 424 3348 susilinntc
448 3285 632 3357 complerem,
661 3285 769 3345 ueniam
796 3286 830 3341 ed
850 3293 927 3341 octu-
979 3277 1014 3334 sd
1030 3279 1263 3351 comparutionem
1283 3279 1367 3334 totius
1394 3278 1498 3346 ntuntli,
1511 3277 1602 3332 edituo
1621 3287 1688 3333 tunc
1703 3276 1767 3335 lud·

141 3395 217 3446 uultu,
238 3391 266 3436 et
290 3389 432 3451 «utrunque
462 3380 683 3451 cxptauutonen
706 3381 784 3451 juxta
811 3378 925 3450 priores.
977 3370 1094 3439 uettt,ct
1108 3371 1135 3425 tn
1152 3378 1210 3427 toto
1225 3370 1291 3426 orie
1306 3368 1490 3439 dispersurum
1504 3364 1767 3437 luuaeorun,psuct

140 3473 272 3542 usquead
286 3480 425 3542 qusrtum,
437 3471 532 3538 libros,
548 3473 654 3544 puriter
666 3471 820 3540 explicabo.
976 3473 1050 3519 erant
1066 3479 1074 3531 ;
1091 3472 1118 3518 et
1133 3471 1222 3517 tannen
1234 3461 1365 3517 Dominus
1378 3458 1488 3514 rrsdidit
1498 3456 1651 3514 Jerusslctn
1665 3457 1693 3513 ln
1706 3470 1767 3513 ns·

174 3561 255 3635 (Gap.
281 3561 365 3619 xlii.
388 3593 425 3604 -
453 3560 534 3619 Vere.
555 3563 597 3633 l.)
620 3581 630 3615 r
651 3562 726 3618 dnus
753 3561 888 3618 dunusci.
911 3578 923 3614 r
976 3556 1057 3614 nibus
1073 3571 1178 3621 eorum,
1199 3570 1232 3611 en
1254 3555 1326 3626 quod
1351 3550 1562 3622 dereliquissent
1585 3548 1634 3605 liei
1651 3544 1767 3619 iiliuni,

139 3653 319 3726 Syrnnrscitus
335 3665 363 3711 ct
374 3655 538 3722 Theodotlo,
553 3674 564 3708 r
581 3654 741 3725 Assumptiu
753 3653 896 3710 Detusseir
911 3672 922 3706 t
975 3650 1023 3718 qui
1038 3663 1084 3718 per
1096 3649 1242 3721 propinetur
1254 3657 1317 3703 ente
1329 3645 1477 3716 predictus
1490 3652 1533 3700 est
1543 3643 1614 3715 (Act.
1627 3642 1679 3714 tx).
1690 3640 1767 3715 llrpn

137 3746 210 3806 lxx
225 3764 234 3807 ε
249 3765 260 3803 t
278 3748 399 3809 Verbum
413 3756 509 3805 contre
520 3748 693 3815 Damascum,
715 3767 726 3801 r
745 3745 876 3802 eddentes
890 3745 925 3803 de
977 3739 1059 3810 linrtc
1072 3737 1140 3811 ligo]
1155 3739 1191 3794 nit
1219 3738 1289 3793 ltuuc
1312 3751 1422 3792 oensem
1439 3750 1510 3801 reor,
1527 3744 1555 3789 et
1578 3733 1766 3805 saulum,qui

135 3855 198 3907 suto,
212 3842 285 3913 quod
310 3841 338 3896 in
360 3839 438 3897 lloeb
455 3839 547 3897 iecere
568 3841 713 3912 principio.
727 3838 853 3894 Demnsci
867 3839 922 3908 prl·
975 3841 1068 3900 pnsnu
1084 3829 1161 3886 Penii
1176 3843 1210 3884 ex
1228 3829 1327 3883 uirtute
1344 3842 1441 3882 nomeu
1458 3828 1575 3896 accepit,
1587 3826 1653 3896 quin
1676 3838 1768 3883 semu·

136 3944 211 3987 uest
233 3944 332 3987 nomen
350 3931 377 3986 in
392 3931 490 3988 Genesi
508 3931 632 4002 legimus,
643 3931 689 4000 qut
705 3941 768 3985 unte
783 3926 858 3983 lsesc
872 3927 924 3983 nnt
974 3925 1044 3978 lutor
1070 3932 1131 3978 erut
1146 3920 1224 3990 lepis,
1240 3920 1295 3975 isse
1307 3918 1483 3986 ilumsscum,
1498 3926 1526 3974 et
1538 3926 1632 3973 contre
1645 3915 1766 3975 eroden-

134 4020 297 4077 nerusrulus
310 4020 497 4088 ebreummt
511 4020 659 4090 nutriretur
673 4020 770 4080 neres.
787 4017 839 4074 nisi
851 4024 923 4073 esset
975 4026 1014 4070 tes
1032 4028 1065 4069 es
1084 4011 1210 4085 pentibus
1237 4026 1358 4083 puqnure
1383 4012 1515 4077 uoluisse,
1530 4010 1620 4081 inique
1646 4022 1766 4081 rupere·

136 4104 213 4162 &re
236 4107 308 4163 dilus
331 4123 366 4163 ex
385 4107 565 4178 prontissioue
592 4115 736 4178 qenerstns
764 4105 840 4179 (Gen.
864 4105 919 4176 rr).
974 4117 1040 4172 turn,
1065 4120 1113 4162 eos
1140 4114 1262 4161 secutum
1285 4107 1332 4175 qui
1361 4103 1387 4159 in
1411 4104 1544 4159 [lentesco
1571 4101 1764 4169 tcmuluutur,

133 4197 328 4268 iuterpretntur
342 4208 431 4256 sutem
444 4200 638 4271 nutruuqelnis
654 4199 783 4263 osculum,
799 4209 920 4255 suttun-
972 4207 1001 4252 ut
1029 4197 1094 4253 inde
1119 4210 1226 4250 rursum
1256 4194 1406 4252 ierusalem
1428 4194 1536 4252 ludens
1555 4206 1764 4268 espuqttsturus

110 4305 113 4311 ·
133 4290 239 4362 quirent
256 4291 526 4361 lioenr,sutrruqsls
536 4291 629 4358 cilicii,
642 4305 703 4360 qute
714 4290 805 4346 omniu
820 4290 920 4360 populo
971 4288 1141 4342 escenderet.
1159 4284 1215 4342 Nec
1233 4286 1315 4342 elicui
1333 4287 1455 4343 ridentur
1468 4302 1528 4344 esse
1542 4287 1762 4356 contrarium,si

133 4381 302 4436 conueniunt
325 4381 514 4448 Etitnionrum,
535 4381 582 4452 qul
608 4391 672 4437 sute
700 4382 782 4436 lidern
807 4380 919 4440 Cltrlsti.
935 4373 959 4432 u
974 4377 1002 4431 iu
1019 4377 1242 4449 Paralipomenon
1266 4379 1337 4434 liltro
1351 4381 1414 4436 lutn
1438 4379 1471 4436 de
1487 4379 1672 4447 nuntiarentur
1687 4396 1762 4435 nette

137 4467 313 4522 unricuserst
323 4469 501 4538 seriquiuiset
514 4469 694 4535 crudelitatis,
704 4481 730 4524 et
744 4470 825 4539 digne
839 4484 921 4538 opere
973 4468 998 4522 iu
1013 4468 1083 4525 isaie
1108 4471 1197 4526 tristis
1218 4460 1421 4541 predicentur:
1434 4472 1497 4543 quin
1508 4472 1579 4526 etde
1591 4470 1759 4540 ipsolsrsel,

133 4559 241 4631 planctu
267 4561 365 4627 ugeltttt
387 4570 415 4616 et
428 4576 519 4617 succo.
536 4559 565 4615 in
580 4560 691 4617 illerum
708 4563 778 4618 liltro
794 4561 838 4632 ill
853 4561 918 4618 l’nr.
971 4560 1017 4628 qui
1034 4570 1108 4615 certe
1118 4562 1208 4629 portin
1227 4560 1274 4615 liei
1290 4571 1341 4624 est,
1357 4577 1429 4617 nuuc
1453 4562 1576 4623 udrcrsu.
1595 4575 1667 4616 nunc
1691 4576 1758 4632 pro·

131 4648 207 4712 sutri
218 4659 313 4705 narret
327 4650 455 4716 ltistnriu,
471 4653 541 4722 quod
561 4653 671 4725 impleto
683 4669 756 4709 suno
766 4656 921 4712 escenderit
969 4665 1050 4720 spere
1064 4652 1234 4707 nuntiantur.
1246 4651 1279 4706 iit
1296 4653 1433 4723 quomodo
1447 4653 1481 4708 nd
1500 4653 1585 4710 isreel
1601 4653 1678 4725 luctu
1694 4668 1758 4710 cer·

129 4748 226 4795 contre
243 4739 308 4799 lons
323 4759 414 4815 regent
438 4742 513 4799 ludte
528 4747 663 4800 exercitus
681 4743 776 4815 Syrio,
793 4754 820 4801 ct
835 4761 918 4801 rene·
969 4758 1044 4809 neunt,
1056 4746 1231 4817 etsdqentes
1243 4745 1343 4801 dicitur
1354 4763 1362 4802 ε
1375 4747 1430 4803 l'os
1442 4756 1536 4816 pentes
1544 4745 1758 4816 iuxtecsruent,
1799 4774 1810 4789 ι

130 4832 168 4889 rit
184 4833 213 4890 lu
231 4834 394 4903 Jerusalem,
406 4844 434 4892 et
447 4851 543 4894 ornnes
570 4836 707 4908 principes
723 4838 815 4908 populi
832 4839 919 4894 inter·
968 4837 1016 4906 qul
1031 4835 1155 4892 dicimini
1180 4838 1344 4907 preputium
1361 4838 1396 4893 sb
1417 4854 1449 4894 ee
1473 4854 1535 4910 quee
1555 4838 1713 4909 appelletur
1728 4837 1757 4893 iu

129 4923 235 4992 iecerit,
248 4938 432 5000 cunctentque
448 4930 567 4998 praedem
586 4930 689 4985 ruiserit
704 4929 762 5001 regi
781 4927 916 4996 Demusol,
967 4938 1052 4980 cerne
1070 4928 1242 4983 circumcisio
1260 4944 1268 4984 :
1283 4927 1326 4983 sic
1349 4932 1506 4985 ccotttrsrin
1522 4941 1564 4986 est
1579 4930 1664 4985 lsrael
1674 4929 1757 5000 iuste

131 5018 179 5083 qul
196 5032 259 5070 runt
285 5021 379 5087 puncis
402 5020 470 5074 viris
489 5029 617 5075 verteret:
633 5029 660 5075 ct
675 5017 747 5074 [lens
766 5021 917 5075 tradideret
968 5016 1106 5083 spiritum,
1118 5025 1147 5072 et
1173 5029 1237 5074 sum
1266 5029 1361 5088 pentes
1387 5021 1466 5092 iustu
1485 5023 1621 5092 spiritum,
1633 5030 1661 5077 et
1680 5020 1757 5079 iuter

129 5105 159 5160 iu
180 5123 259 5163 utsnu
276 5125 372 5166 eurum
399 5111 600 5167 multitudinem
626 5125 752 5179 tnsqnum
771 5112 863 5176 nimis,
881 5127 916 5167 eo
966 5117 1081 5162 ceteras
1105 5118 1201 5178 pentes
1227 5120 1270 5165 est
1287 5110 1437 5169 Damascus
1461 5109 1537 5185 juste
1562 5114 1706 5184 spirituus,
1718 5130 1756 5174 nc

127 5198 203 5264 quud
218 5199 394 5271 reliquissent
409 5202 554 5257 llnminurn
568 5202 652 5256 ileum
665 5210 771 5272 petrum
782 5218 913 5258 suornm:
967 5201 1069 5252 linitum
1084 5199 1204 5257 ludricis
1218 5200 1318 5259 initulis
1333 5207 1547 5274 acquiescemus.

127 5289 294 5359 quodjuris
311 5306 450 5363 sursqoqen
473 5303 501 5349 et
516 5292 669 5348 rutinorum
686 5303 778 5363 typum
789 5296 915 5350 cnutsirle-
1000 5289 1091 5354 liett-
1114 5292 1127 5344 l
1154 5294 1244 5364 seqq.)
1259 5311 1270 5348 r
1286 5294 1356 5352 Ecce
1382 5299 1530 5355 Damascus
1556 5299 1662 5355 desinet
1688 5313 1756 5359 esse

129 5380 246 5436 randum
274 5392 327 5447 est,
338 5394 430 5438 utrum
445 5385 478 5439 uu
494 5394 602 5455 mmpus
626 5384 762 5440 nomimui
779 5386 914 5444 adtentus
962 5382 1070 5450 ciuitas,
1090 5385 1182 5439 eterit
1196 5389 1264 5444 sicut
1280 5403 1393 5445 acervus
1405 5389 1520 5460 lepidum
1539 5391 1568 5445 in
1584 5391 1673 5448 ruins.
1697 5394 1754 5449 lle-

130 5469 235 5525 reicrre
246 5470 395 5529 cuicuinus.
409 5471 474 5528 Post
490 5475 570 5527 llneut
584 5473 657 5529 cuitu
674 5475 738 5528 sutri
756 5474 912 5545 ecceptslti-
964 5474 1066 5530 relicttc
1094 5477 1218 5534 ciuitates
1247 5482 1334 5536 Arncr
1360 5481 1485 5554 qreqiltus
1509 5493 1601 5550 erunt,
1617 5493 1644 5538 et
1656 5485 1753 5555 requi·

124 5559 706 5636 lis,inquouSnlrutorecstEuunqeliutn
724 5566 911 5637 predicatum,
963 5577 1056 5623 esceut
1086 5569 1133 5635 ilti,
1164 5583 1269 5628 utnon
1299 5578 1351 5630 crit
1374 5577 1752 5644 quiesrerrent,ctcessslrit

124 5653 249 5708 escendit
263 5654 298 5711 de
313 5653 444 5712 Dntussco
459 5655 580 5725 peutiutn
605 5657 741 5717 exercitus
764 5657 793 5711 in
815 5657 912 5728 paucis
960 5659 1125 5730 adjutorium
1138 5666 1173 5719 ult
1184 5665 1324 5736 Ephraim,
1339 5677 1364 5722 et
1383 5682 1493 5738 sequium
1517 5672 1551 5726 de
1566 5669 1752 5736 uenientum
