<?xml version="1.0" encoding="UTF-8"?>
<!DOCTYPE html PUBLIC "-//W3C//DTD XHTML 1.0 Transitional//EN"
    "http://www.w3.org/TR/xhtml1/DTD/xhtml1-transitional.dtd">
<html xmlns="http://www.w3.org/1999/xhtml" xml:lang="en" lang="en">
 <head>
  <title>
</title>
<meta http-equiv="Content-Type" content="text/html;charset=utf-8" />
  <meta name='ocr-system' content='tesseract 3.04.00' />
  <meta name='ocr-capabilities' content='ocr_page ocr_carea ocr_par ocr_line ocrx_word'/>
</head>
<body>
  <div class='ocr_page' id='page_1' title='image "./patrologiaecurs19goog/patrologiaecurs19goog_0010.png"; bbox 0 0 3788 6120; ppageno 0'>
   <div class='ocr_carea' id='block_1_1' title="bbox 118 254 1737 383">
    <p class='ocr_par' dir='ltr' id='par_1_1' title="bbox 118 254 1737 383">
     <span class='ocr_line' id='line_1_1' title="bbox 118 254 1737 383; baseline 0.013 -21"><span class='ocrx_word' id='word_1_1' title='bbox 118 297 151 362; x_wconf 86' lang='grc' dir='ltr'><strong>ιι</strong></span> <span class='ocrx_word' id='word_1_2' title='bbox 235 254 240 263; x_wconf 59' lang='grc'><strong>’</strong></span> <span class='ocrx_word' id='word_1_3' title='bbox 826 306 1035 372; x_wconf 78' lang='lat' dir='ltr'><strong>uenarum.</strong></span> <span class='ocrx_word' id='word_1_4' title='bbox 1704 316 1737 383; x_wconf 85' lang='grc' dir='ltr'><strong>ιι</strong></span> 
     </span>
    </p>
   </div>
   <div class='ocr_carea' id='block_1_2' title="bbox 106 413 1735 2326">
    <p class='ocr_par' dir='ltr' id='par_1_2' title="bbox 106 413 1735 2326">
     <span class='ocr_line' id='line_1_2' title="bbox 114 413 1735 510; baseline 0.012 -35"><span class='ocrx_word' id='word_1_5' title='bbox 114 413 270 490; x_wconf 83' lang='lat' dir='ltr'><strong>perimus,</strong></span> <span class='ocrx_word' id='word_1_6' title='bbox 298 420 334 478; x_wconf 93' lang='lat' dir='ltr'><strong>ut</strong></span> <span class='ocrx_word' id='word_1_7' title='bbox 363 418 444 480; x_wconf 87' lang='lat' dir='ltr'><strong>nilril</strong></span> <span class='ocrx_word' id='word_1_8' title='bbox 471 433 583 479; x_wconf 87' lang='lat' dir='ltr'><strong>eorum</strong></span> <span class='ocrx_word' id='word_1_9' title='bbox 601 420 891 498; x_wconf 77' lang='lat' dir='ltr'><strong>pretermittimus,</strong></span> <span class='ocrx_word' id='word_1_10' title='bbox 915 425 1227 502; x_wconf 75' lang='lat' dir='ltr'><strong>queruduoisersum</strong></span> <span class='ocrx_word' id='word_1_11' title='bbox 1244 427 1571 507; x_wconf 89' lang='lat' dir='ltr'><strong>Hieronymianorum</strong></span> <span class='ocrx_word' id='word_1_12' title='bbox 1599 445 1735 510; x_wconf 88' lang='lat' dir='ltr'><strong>opernm</strong></span> 
     </span>
     <span class='ocr_line' id='line_1_3' title="bbox 111 510 1734 606; baseline 0.011 -34"><span class='ocrx_word' id='word_1_13' title='bbox 111 510 335 576; x_wconf 71' lang='lat' dir='ltr'><strong>collectionem</strong></span> <span class='ocrx_word' id='word_1_14' title='bbox 347 514 420 594; x_wconf 77' lang='lat' dir='ltr'><strong>iure</strong></span> <span class='ocrx_word' id='word_1_15' title='bbox 439 516 633 594; x_wconf 87' lang='lat' dir='ltr'><strong>pertineant,</strong></span> <span class='ocrx_word' id='word_1_16' title='bbox 649 518 802 598; x_wconf 69' lang='lat' dir='ltr'><strong>(trigenis</strong></span> <span class='ocrx_word' id='word_1_17' title='bbox 818 519 852 580; x_wconf 92' lang='lat' dir='ltr'><strong>in</strong></span> <span class='ocrx_word' id='word_1_18' title='bbox 871 518 983 581; x_wconf 83' lang='lat' dir='ltr'><strong>leuium</strong></span> <span class='ocrx_word' id='word_1_19' title='bbox 999 520 1156 582; x_wconf 76' lang='lat' dir='ltr'><strong>Romilius</strong></span> <span class='ocrx_word' id='word_1_20' title='bbox 1172 539 1245 601; x_wconf 80' lang='lat' dir='ltr'><strong>qum</strong></span> <span class='ocrx_word' id='word_1_21' title='bbox 1268 530 1443 599; x_wconf 87' lang='lat' dir='ltr'><strong>supersunt</strong></span> <span class='ocrx_word' id='word_1_22' title='bbox 1456 525 1589 587; x_wconf 90' lang='lat' dir='ltr'><strong>omnino</strong></span> <span class='ocrx_word' id='word_1_23' title='bbox 1607 543 1734 606; x_wconf 87' lang='lat' dir='ltr'><strong>norem,</strong></span> 
     </span>
     <span class='ocr_line' id='line_1_4' title="bbox 112 608 1734 699; baseline 0.012 -32"><span class='ocrx_word' id='word_1_24' title='bbox 112 608 222 670; x_wconf 85' lang='lat' dir='ltr'><strong>Latine</strong></span> <span class='ocrx_word' id='word_1_25' title='bbox 252 608 328 672; x_wconf 93' lang='lat' dir='ltr'><strong>olim</strong></span> <span class='ocrx_word' id='word_1_26' title='bbox 347 610 530 689; x_wconf 81' lang='lat' dir='ltr'><strong>explicatus,</strong></span> <span class='ocrx_word' id='word_1_27' title='bbox 562 631 738 693; x_wconf 88' lang='lat' dir='ltr'><strong>suppresso</strong></span> <span class='ocrx_word' id='word_1_28' title='bbox 753 615 942 694; x_wconf 71' lang='lat' dir='ltr'><strong>interpretis</strong></span> <span class='ocrx_word' id='word_1_29' title='bbox 970 617 1121 690; x_wconf 90' lang='lat' dir='ltr'><strong>nomine,</strong></span> <span class='ocrx_word' id='word_1_30' title='bbox 1140 619 1226 697; x_wconf 90' lang='lat' dir='ltr'><strong>quod</strong></span> <span class='ocrx_word' id='word_1_31' title='bbox 1257 618 1329 681; x_wconf 91' lang='lat' dir='ltr'><strong>illus</strong></span> <span class='ocrx_word' id='word_1_32' title='bbox 1347 620 1453 682; x_wconf 82' lang='lat' dir='ltr'><strong>critici</strong></span> <span class='ocrx_word' id='word_1_33' title='bbox 1482 621 1625 699; x_wconf 87' lang='lat' dir='ltr'><strong>impense</strong></span> <span class='ocrx_word' id='word_1_34' title='bbox 1649 623 1734 686; x_wconf 89' lang='lat' dir='ltr'><strong>docti</strong></span> 
     </span>
     <span class='ocr_line' id='line_1_5' title="bbox 111 704 1734 798; baseline 0.013 -36"><span class='ocrx_word' id='word_1_35' title='bbox 111 704 309 782; x_wconf 75' lang='lat' dir='ltr'><strong>Hieronymo</strong></span> <span class='ocrx_word' id='word_1_36' title='bbox 323 707 474 779; x_wconf 90' lang='lat' dir='ltr'><strong>tribuunt,</strong></span> <span class='ocrx_word' id='word_1_37' title='bbox 491 725 675 787; x_wconf 76' lang='lat' dir='ltr'><strong>quanquam</strong></span> <span class='ocrx_word' id='word_1_38' title='bbox 697 727 801 782; x_wconf 86' lang='lat' dir='ltr'><strong>secus,</strong></span> <span class='ocrx_word' id='word_1_39' title='bbox 824 718 859 772; x_wconf 93' lang='lat' dir='ltr'><strong>ut</strong></span> <span class='ocrx_word' id='word_1_40' title='bbox 876 710 1043 789; x_wconf 90' lang='lat' dir='ltr'><strong>probatum</strong></span> <span class='ocrx_word' id='word_1_41' title='bbox 1062 713 1161 784; x_wconf 81' lang='lat' dir='ltr'><strong>iuius,</strong></span> <span class='ocrx_word' id='word_1_42' title='bbox 1180 730 1230 774; x_wconf 88' lang='lat' dir='ltr'><strong>res</strong></span> <span class='ocrx_word' id='word_1_43' title='bbox 1257 713 1381 787; x_wconf 90' lang='lat' dir='ltr'><strong>hebeat,</strong></span> <span class='ocrx_word' id='word_1_44' title='bbox 1400 716 1462 777; x_wconf 93' lang='lat' dir='ltr'><strong>huc</strong></span> <span class='ocrx_word' id='word_1_45' title='bbox 1491 717 1605 779; x_wconf 86' lang='lat' dir='ltr'><strong>ascitas</strong></span> <span class='ocrx_word' id='word_1_46' title='bbox 1631 719 1734 798; x_wconf 75' lang='lat' dir='ltr'><strong>iussi·</strong></span> 
     </span>
     <span class='ocr_line' id='line_1_6' title="bbox 111 804 1733 893; baseline 0.014 -37"><span class='ocrx_word' id='word_1_47' title='bbox 111 807 314 877; x_wconf 88' lang='lat' dir='ltr'><strong>mus,utp0te</strong></span> <span class='ocrx_word' id='word_1_48' title='bbox 330 804 484 864; x_wconf 81' lang='lat' dir='ltr'><strong>vernilem</strong></span> <span class='ocrx_word' id='word_1_49' title='bbox 502 805 644 865; x_wconf 89' lang='lat' dir='ltr'><strong>sobolem</strong></span> <span class='ocrx_word' id='word_1_50' title='bbox 658 808 819 884; x_wconf 89' lang='lat' dir='ltr'><strong>germanis</strong></span> <span class='ocrx_word' id='word_1_51' title='bbox 835 805 955 869; x_wconf 84' lang='lat' dir='ltr'><strong>letibus</strong></span> <span class='ocrx_word' id='word_1_52' title='bbox 969 808 1161 870; x_wconf 75' lang='lat' dir='ltr'><strong>solrsrrvire.</strong></span> <span class='ocrx_word' id='word_1_53' title='bbox 1175 809 1235 884; x_wconf 90' lang='lat' dir='ltr'><strong>Qui</strong></span> <span class='ocrx_word' id='word_1_54' title='bbox 1254 810 1322 873; x_wconf 90' lang='lat' dir='ltr'><strong>illus</strong></span> <span class='ocrx_word' id='word_1_55' title='bbox 1340 812 1395 874; x_wconf 92' lang='lat' dir='ltr'><strong>abs</strong></span> <span class='ocrx_word' id='word_1_56' title='bbox 1406 813 1595 893; x_wconf 81' lang='lat' dir='ltr'><strong>Hieronymi</strong></span> <span class='ocrx_word' id='word_1_57' title='bbox 1612 817 1733 879; x_wconf 87' lang='lat' dir='ltr'><strong>calamo</strong></span> 
     </span>
     <span class='ocr_line' id='line_1_7' title="bbox 110 893 1730 983; baseline 0.013 -30"><span class='ocrx_word' id='word_1_58' title='bbox 110 893 265 972; x_wconf 87' lang='lat' dir='ltr'><strong>proiectas</strong></span> <span class='ocrx_word' id='word_1_59' title='bbox 279 895 400 970; x_wconf 85' lang='lat' dir='ltr'><strong>volunt,</strong></span> <span class='ocrx_word' id='word_1_60' title='bbox 419 908 453 958; x_wconf 92' lang='lat' dir='ltr'><strong>ut</strong></span> <span class='ocrx_word' id='word_1_61' title='bbox 472 900 642 976; x_wconf 79' lang='lat' dir='ltr'><strong>plerosque</strong></span> <span class='ocrx_word' id='word_1_62' title='bbox 661 900 743 961; x_wconf 89' lang='lat' dir='ltr'><strong>ulios</strong></span> <span class='ocrx_word' id='word_1_63' title='bbox 759 901 915 973; x_wconf 87' lang='lat' dir='ltr'><strong>omittam,</strong></span> <span class='ocrx_word' id='word_1_64' title='bbox 935 904 1086 982; x_wconf 74' lang='lat' dir='ltr'><strong>proripui</strong></span> <span class='ocrx_word' id='word_1_65' title='bbox 1104 912 1179 968; x_wconf 88' lang='lat' dir='ltr'><strong>sont</strong></span> <span class='ocrx_word' id='word_1_66' title='bbox 1196 905 1240 967; x_wconf 88' lang='lat' dir='ltr'><strong>rei</strong></span> <span class='ocrx_word' id='word_1_67' title='bbox 1266 907 1427 969; x_wconf 77' lang='lat' dir='ltr'><strong>litterarius</strong></span> <span class='ocrx_word' id='word_1_68' title='bbox 1443 909 1617 983; x_wconf 86' lang='lat' dir='ltr'><strong>triumviri,</strong></span> <span class='ocrx_word' id='word_1_69' title='bbox 1640 914 1730 975; x_wconf 82' lang='lat' dir='ltr'><strong>Hrua-</strong></span> 
     </span>
     <span class='ocr_line' id='line_1_8' title="bbox 110 989 1732 1082; baseline 0.012 -34"><span class='ocrx_word' id='word_1_70' title='bbox 110 1003 193 1058; x_wconf 89' lang='lat' dir='ltr'><strong>mus,</strong></span> <span class='ocrx_word' id='word_1_71' title='bbox 209 989 350 1051; x_wconf 78' lang='lat' dir='ltr'><strong>Boetius</strong></span> <span class='ocrx_word' id='word_1_72' title='bbox 385 1009 421 1054; x_wconf 92' lang='lat' dir='ltr'><strong>uc</strong></span> <span class='ocrx_word' id='word_1_73' title='bbox 436 993 676 1056; x_wconf 86' lang='lat' dir='ltr'><strong>Tillemontins.</strong></span> <span class='ocrx_word' id='word_1_74' title='bbox 699 1000 801 1074; x_wconf 78' lang='lat' dir='ltr'><strong>atque</strong></span> <span class='ocrx_word' id='word_1_75' title='bbox 820 1000 967 1059; x_wconf 79' lang='lat' dir='ltr'><strong>Erasmus</strong></span> <span class='ocrx_word' id='word_1_76' title='bbox 984 999 1116 1076; x_wconf 77' lang='lat' dir='ltr'><strong>cuidem</strong></span> <span class='ocrx_word' id='word_1_77' title='bbox 1136 1017 1173 1061; x_wconf 84' lang='grc' dir='ltr'><strong>ιι</strong></span> <span class='ocrx_word' id='word_1_78' title='bbox 1188 1018 1226 1062; x_wconf 87' lang='lat' dir='ltr'><strong>eo</strong></span> <span class='ocrx_word' id='word_1_79' title='bbox 1244 1001 1365 1080; x_wconf 88' lang='lat' dir='ltr'><strong>prohat,</strong></span> <span class='ocrx_word' id='word_1_80' title='bbox 1382 1002 1468 1082; x_wconf 87' lang='lat' dir='ltr'><strong>quod</strong></span> <span class='ocrx_word' id='word_1_81' title='bbox 1482 1004 1552 1081; x_wconf 90' lang='lat' dir='ltr'><strong>ipse</strong></span> <span class='ocrx_word' id='word_1_82' title='bbox 1567 1005 1597 1066; x_wconf 90' lang='lat' dir='ltr'><strong>S.</strong></span> <span class='ocrx_word' id='word_1_83' title='bbox 1614 1008 1732 1068; x_wconf 86' lang='lat' dir='ltr'><strong>Ductor</strong></span> 
     </span>
     <span class='ocr_line' id='line_1_9' title="bbox 108 1086 1731 1175; baseline 0.014 -33"><span class='ocrx_word' id='word_1_84' title='bbox 108 1086 288 1147; x_wconf 87' lang='lat' dir='ltr'><strong>testeturin</strong></span> <span class='ocrx_word' id='word_1_85' title='bbox 312 1087 461 1164; x_wconf 84' lang='lat' dir='ltr'><strong>Cutalogo</strong></span> <span class='ocrx_word' id='word_1_86' title='bbox 489 1089 548 1149; x_wconf 91' lang='lat' dir='ltr'><strong>tule</strong></span> <span class='ocrx_word' id='word_1_87' title='bbox 574 1089 740 1166; x_wconf 80' lang='lat' dir='ltr'><strong>quidpiam</strong></span> <span class='ocrx_word' id='word_1_88' title='bbox 757 1108 794 1152; x_wconf 84' lang='lat' dir='ltr'><strong>ex</strong></span> <span class='ocrx_word' id='word_1_89' title='bbox 811 1090 1059 1156; x_wconf 82' lang='lat' dir='ltr'><strong>Commentariis</strong></span> <span class='ocrx_word' id='word_1_90' title='bbox 1080 1095 1231 1175; x_wconf 87' lang='lat' dir='ltr'><strong>Origenis</strong></span> <span class='ocrx_word' id='word_1_91' title='bbox 1249 1098 1281 1159; x_wconf 93' lang='lat' dir='ltr'><strong>in</strong></span> <span class='ocrx_word' id='word_1_92' title='bbox 1308 1098 1419 1159; x_wconf 90' lang='lat' dir='ltr'><strong>lsuiam</strong></span> <span class='ocrx_word' id='word_1_93' title='bbox 1439 1100 1548 1161; x_wconf 83' lang='lat' dir='ltr'><strong>Latine</strong></span> <span class='ocrx_word' id='word_1_94' title='bbox 1571 1118 1606 1162; x_wconf 85' lang='lat' dir='ltr'><strong>se</strong></span> <span class='ocrx_word' id='word_1_95' title='bbox 1622 1103 1731 1164; x_wconf 87' lang='lat' dir='ltr'><strong>reddi·</strong></span> 
     </span>
     <span class='ocr_line' id='line_1_10' title="bbox 107 1179 1730 1274; baseline 0.016 -39"><span class='ocrx_word' id='word_1_96' title='bbox 107 1179 271 1255; x_wconf 88' lang='lat' dir='ltr'><strong>disse,uhi</strong></span> <span class='ocrx_word' id='word_1_97' title='bbox 293 1183 458 1244; x_wconf 84' lang='lat' dir='ltr'><strong>recensitis</strong></span> <span class='ocrx_word' id='word_1_98' title='bbox 475 1183 699 1262; x_wconf 86' lang='lat' dir='ltr'><strong>duodeviginti</strong></span> <span class='ocrx_word' id='word_1_99' title='bbox 719 1186 932 1249; x_wconf 84' lang='lat' dir='ltr'><strong>inleremium</strong></span> <span class='ocrx_word' id='word_1_100' title='bbox 955 1197 1050 1269; x_wconf 88' lang='lat' dir='ltr'><strong>utque</strong></span> <span class='ocrx_word' id='word_1_101' title='bbox 1065 1192 1264 1253; x_wconf 80' lang='lat' dir='ltr'><strong>Ezechielem</strong></span> <span class='ocrx_word' id='word_1_102' title='bbox 1287 1194 1451 1267; x_wconf 88' lang='lat' dir='ltr'><strong>llomiliis,</strong></span> <span class='ocrx_word' id='word_1_103' title='bbox 1470 1213 1549 1274; x_wconf 83' lang='lat' dir='ltr'><strong>quus</strong></span> <span class='ocrx_word' id='word_1_104' title='bbox 1570 1198 1730 1261; x_wconf 84' lang='lat' dir='ltr'><strong>deGrteco</strong></span> 
     </span>
     <span class='ocr_line' id='line_1_11' title="bbox 108 1276 1731 1371; baseline 0.015 -37"><span class='ocrx_word' id='word_1_105' title='bbox 108 1276 288 1336; x_wconf 82' lang='lat' dir='ltr'><strong>Adamantii</strong></span> <span class='ocrx_word' id='word_1_106' title='bbox 302 1278 428 1339; x_wconf 88' lang='lat' dir='ltr'><strong>Latinus</strong></span> <span class='ocrx_word' id='word_1_107' title='bbox 444 1278 571 1348; x_wconf 86' lang='lat' dir='ltr'><strong>lecerat,</strong></span> <span class='ocrx_word' id='word_1_108' title='bbox 586 1280 665 1342; x_wconf 88' lang='lat' dir='ltr'><strong>alius</strong></span> <span class='ocrx_word' id='word_1_109' title='bbox 676 1280 785 1358; x_wconf 89' lang='lat' dir='ltr'><strong>jungit</strong></span> <span class='ocrx_word' id='word_1_110' title='bbox 801 1284 843 1343; x_wconf 83' lang='lat' dir='ltr'><strong>lle</strong></span> <span class='ocrx_word' id='word_1_111' title='bbox 857 1283 1034 1363; x_wconf 82' lang='lat' dir='ltr'><strong>Seraphim,</strong></span> <span class='ocrx_word' id='word_1_112' title='bbox 1047 1297 1074 1347; x_wconf 82' lang='lat' dir='ltr'><strong>et</strong></span> <span class='ocrx_word' id='word_1_113' title='bbox 1086 1286 1223 1350; x_wconf 83' lang='lat' dir='ltr'><strong>Osanna.</strong></span> <span class='ocrx_word' id='word_1_114' title='bbox 1236 1289 1272 1349; x_wconf 81' lang='lat' dir='ltr'><strong>Et</strong></span> <span class='ocrx_word' id='word_1_115' title='bbox 1293 1307 1368 1352; x_wconf 84' lang='lat' dir='ltr'><strong>vero</strong></span> <span class='ocrx_word' id='word_1_116' title='bbox 1380 1291 1418 1351; x_wconf 91' lang='lat' dir='ltr'><strong>de</strong></span> <span class='ocrx_word' id='word_1_117' title='bbox 1433 1291 1628 1371; x_wconf 88' lang='lat' dir='ltr'><strong>Seruphimis</strong></span> <span class='ocrx_word' id='word_1_118' title='bbox 1644 1301 1731 1358; x_wconf 90' lang='lat' dir='ltr'><strong>stun-</strong></span> 
     </span>
     <span class='ocr_line' id='line_1_12' title="bbox 109 1371 1727 1467; baseline 0.015 -38"><span class='ocrx_word' id='word_1_119' title='bbox 109 1371 195 1429; x_wconf 92' lang='lat' dir='ltr'><strong>tibus</strong></span> <span class='ocrx_word' id='word_1_120' title='bbox 210 1390 308 1448; x_wconf 88' lang='lat' dir='ltr'><strong>super</strong></span> <span class='ocrx_word' id='word_1_121' title='bbox 322 1375 439 1435; x_wconf 90' lang='lat' dir='ltr'><strong>solium</strong></span> <span class='ocrx_word' id='word_1_122' title='bbox 456 1375 580 1438; x_wconf 82' lang='lat' dir='ltr'><strong>Domini</strong></span> <span class='ocrx_word' id='word_1_123' title='bbox 598 1376 670 1438; x_wconf 91' lang='lat' dir='ltr'><strong>lsai.</strong></span> <span class='ocrx_word' id='word_1_124' title='bbox 689 1394 731 1447; x_wconf 87' lang='lat' dir='ltr'><strong>vt,</strong></span> <span class='ocrx_word' id='word_1_125' title='bbox 746 1378 777 1447; x_wconf 72' lang='lat'><strong>2,</strong></span> <span class='ocrx_word' id='word_1_126' title='bbox 796 1379 881 1454; x_wconf 91' lang='lat' dir='ltr'><strong>prior</strong></span> <span class='ocrx_word' id='word_1_127' title='bbox 897 1380 1028 1445; x_wconf 89' lang='lat' dir='ltr'><strong>istarum</strong></span> <span class='ocrx_word' id='word_1_128' title='bbox 1042 1402 1114 1463; x_wconf 81' lang='lat' dir='ltr'><strong>quae</strong></span> <span class='ocrx_word' id='word_1_129' title='bbox 1129 1393 1304 1464; x_wconf 83' lang='lat' dir='ltr'><strong>supersunt</strong></span> <span class='ocrx_word' id='word_1_130' title='bbox 1315 1387 1526 1450; x_wconf 87' lang='lat' dir='ltr'><strong>Honriliarum</strong></span> <span class='ocrx_word' id='word_1_131' title='bbox 1539 1391 1727 1467; x_wconf 76' lang='lat' dir='ltr'><strong>agtuouum</strong></span> 
     </span>
     <span class='ocr_line' id='line_1_13' title="bbox 109 1468 1727 1561; baseline 0.012 -32"><span class='ocrx_word' id='word_1_132' title='bbox 109 1468 179 1531; x_wconf 84' lang='lat' dir='ltr'><strong>lere</strong></span> <span class='ocrx_word' id='word_1_133' title='bbox 195 1480 298 1534; x_wconf 90' lang='lat' dir='ltr'><strong>tumen</strong></span> <span class='ocrx_word' id='word_1_134' title='bbox 315 1483 538 1551; x_wconf 78' lang='lat' dir='ltr'><strong>argumentum</strong></span> <span class='ocrx_word' id='word_1_135' title='bbox 557 1475 615 1536; x_wconf 80' lang='lat' dir='ltr'><strong>hor</strong></span> <span class='ocrx_word' id='word_1_136' title='bbox 630 1476 672 1537; x_wconf 86' lang='lat' dir='ltr'><strong>sil</strong></span> <span class='ocrx_word' id='word_1_137' title='bbox 694 1476 731 1538; x_wconf 89' lang='lat' dir='ltr'><strong>ud</strong></span> <span class='ocrx_word' id='word_1_138' title='bbox 750 1477 948 1554; x_wconf 89' lang='lat' dir='ltr'><strong>probandum</strong></span> <span class='ocrx_word' id='word_1_139' title='bbox 964 1490 994 1540; x_wconf 88' lang='lat' dir='ltr'><strong>et</strong></span> <span class='ocrx_word' id='word_1_140' title='bbox 1010 1482 1171 1560; x_wconf 85' lang='lat' dir='ltr'><strong>reliquus,</strong></span> <span class='ocrx_word' id='word_1_141' title='bbox 1195 1499 1267 1561; x_wconf 77' lang='lat' dir='ltr'><strong>quet</strong></span> <span class='ocrx_word' id='word_1_142' title='bbox 1289 1484 1368 1544; x_wconf 86' lang='lat' dir='ltr'><strong>ullus</strong></span> <span class='ocrx_word' id='word_1_143' title='bbox 1387 1484 1538 1547; x_wconf 81' lang='lat' dir='ltr'><strong>visiones</strong></span> <span class='ocrx_word' id='word_1_144' title='bbox 1566 1498 1727 1556; x_wconf 81' lang='lat' dir='ltr'><strong>enarrant,</strong></span> 
     </span>
     <span class='ocr_line' id='line_1_14' title="bbox 107 1567 1729 1655; baseline 0.012 -30"><span class='ocrx_word' id='word_1_145' title='bbox 107 1567 338 1645; x_wconf 89' lang='lat' dir='ltr'><strong>Hieronymum</strong></span> <span class='ocrx_word' id='word_1_146' title='bbox 350 1569 465 1632; x_wconf 86' lang='lat' dir='ltr'><strong>hahere</strong></span> <span class='ocrx_word' id='word_1_147' title='bbox 482 1572 699 1648; x_wconf 80' lang='lat' dir='ltr'><strong>interpretem,</strong></span> <span class='ocrx_word' id='word_1_148' title='bbox 723 1589 819 1632; x_wconf 84' lang='lat' dir='ltr'><strong>neruo</strong></span> <span class='ocrx_word' id='word_1_149' title='bbox 844 1588 906 1635; x_wconf 90' lang='lat' dir='ltr'><strong>uon</strong></span> <span class='ocrx_word' id='word_1_150' title='bbox 925 1576 1033 1637; x_wconf 87' lang='lat' dir='ltr'><strong>sentit.</strong></span> <span class='ocrx_word' id='word_1_151' title='bbox 1064 1579 1123 1637; x_wconf 88' lang='lat' dir='ltr'><strong>Scd</strong></span> <span class='ocrx_word' id='word_1_152' title='bbox 1142 1578 1221 1638; x_wconf 91' lang='lat' dir='ltr'><strong>illud</strong></span> <span class='ocrx_word' id='word_1_153' title='bbox 1239 1580 1383 1655; x_wconf 86' lang='lat' dir='ltr'><strong>opprime</strong></span> <span class='ocrx_word' id='word_1_154' title='bbox 1397 1579 1524 1650; x_wconf 79' lang='lat' dir='ltr'><strong>salsum,</strong></span> <span class='ocrx_word' id='word_1_155' title='bbox 1543 1582 1668 1645; x_wconf 85' lang='lat' dir='ltr'><strong>laudato</strong></span> <span class='ocrx_word' id='word_1_156' title='bbox 1692 1584 1729 1646; x_wconf 82' lang='lat' dir='ltr'><strong>ds</strong></span> 
     </span>
     <span class='ocr_line' id='line_1_15' title="bbox 107 1661 1728 1752; baseline 0.014 -33"><span class='ocrx_word' id='word_1_157' title='bbox 107 1661 666 1743; x_wconf 82' lang='lat' dir='ltr'><strong>Seraphimsyntagmateqnidpiam</strong></span> <span class='ocrx_word' id='word_1_158' title='bbox 703 1666 847 1727; x_wconf 88' lang='lat' dir='ltr'><strong>denotari</strong></span> <span class='ocrx_word' id='word_1_159' title='bbox 866 1668 965 1742; x_wconf 91' lang='lat' dir='ltr'><strong>uliud,</strong></span> <span class='ocrx_word' id='word_1_160' title='bbox 988 1688 1083 1750; x_wconf 89' lang='lat' dir='ltr'><strong>quum</strong></span> <span class='ocrx_word' id='word_1_161' title='bbox 1110 1691 1180 1752; x_wconf 78' lang='lat' dir='ltr'><strong>‹yure</strong></span> <span class='ocrx_word' id='word_1_162' title='bbox 1203 1675 1244 1735; x_wconf 92' lang='lat' dir='ltr'><strong>itu</strong></span> <span class='ocrx_word' id='word_1_163' title='bbox 1276 1675 1464 1737; x_wconf 81' lang='lat' dir='ltr'><strong>inscribitur</strong></span> <span class='ocrx_word' id='word_1_164' title='bbox 1485 1677 1522 1738; x_wconf 92' lang='lat' dir='ltr'><strong>ud</strong></span> <span class='ocrx_word' id='word_1_165' title='bbox 1554 1680 1728 1742; x_wconf 88' lang='lat' dir='ltr'><strong>Damasum</strong></span> 
     </span>
     <span class='ocr_line' id='line_1_16' title="bbox 109 1758 1726 1850; baseline 0.012 -34"><span class='ocrx_word' id='word_1_166' title='bbox 109 1758 300 1832; x_wconf 66' lang='lat' dir='ltr'><strong>epistolem</strong></span> <span class='ocrx_word' id='word_1_167' title='bbox 317 1777 485 1820; x_wconf 84' lang='lat' dir='ltr'><strong>nourrernm</strong></span> <span class='ocrx_word' id='word_1_168' title='bbox 498 1760 531 1820; x_wconf 92' lang='lat' dir='ltr'><strong>in</strong></span> <span class='ocrx_word' id='word_1_169' title='bbox 555 1767 662 1821; x_wconf 90' lang='lat' dir='ltr'><strong>nostra</strong></span> <span class='ocrx_word' id='word_1_170' title='bbox 682 1762 871 1823; x_wconf 85' lang='lat' dir='ltr'><strong>recensione</strong></span> <span class='ocrx_word' id='word_1_171' title='bbox 887 1765 1047 1828; x_wconf 90' lang='lat' dir='ltr'><strong>decimum</strong></span> <span class='ocrx_word' id='word_1_172' title='bbox 1065 1776 1207 1831; x_wconf 90' lang='lat' dir='ltr'><strong>octavum</strong></span> <span class='ocrx_word' id='word_1_173' title='bbox 1225 1778 1329 1830; x_wconf 87' lang='lat' dir='ltr'><strong>tenet:</strong></span> <span class='ocrx_word' id='word_1_174' title='bbox 1344 1788 1479 1850; x_wconf 79' lang='lat' dir='ltr'><strong>qumqrre</strong></span> <span class='ocrx_word' id='word_1_175' title='bbox 1491 1779 1611 1833; x_wconf 92' lang='lat' dir='ltr'><strong>tuntum</strong></span> <span class='ocrx_word' id='word_1_176' title='bbox 1624 1774 1726 1845; x_wconf 89' lang='lat' dir='ltr'><strong>abest,</strong></span> 
     </span>
     <span class='ocr_line' id='line_1_17' title="bbox 108 1854 1722 1948; baseline 0.013 -36"><span class='ocrx_word' id='word_1_177' title='bbox 108 1867 139 1913; x_wconf 91' lang='grc' dir='ltr'><strong>ιιι</strong></span> <span class='ocrx_word' id='word_1_178' title='bbox 156 1854 195 1915; x_wconf 92' lang='lat' dir='ltr'><strong>ab</strong></span> <span class='ocrx_word' id='word_1_179' title='bbox 214 1855 323 1934; x_wconf 89' lang='lat' dir='ltr'><strong>ulique</strong></span> <span class='ocrx_word' id='word_1_180' title='bbox 342 1856 488 1933; x_wconf 89' lang='lat' dir='ltr'><strong>Origenis</strong></span> <span class='ocrx_word' id='word_1_181' title='bbox 505 1863 638 1918; x_wconf 89' lang='lat' dir='ltr'><strong>tractatu</strong></span> <span class='ocrx_word' id='word_1_182' title='bbox 656 1862 822 1933; x_wconf 89' lang='lat' dir='ltr'><strong>desumpta</strong></span> <span class='ocrx_word' id='word_1_183' title='bbox 841 1859 889 1921; x_wconf 89' lang='lat' dir='ltr'><strong>sic</strong></span> <span class='ocrx_word' id='word_1_184' title='bbox 911 1863 1018 1926; x_wconf 87' lang='lat' dir='ltr'><strong>Latine</strong></span> <span class='ocrx_word' id='word_1_185' title='bbox 1031 1864 1290 1935; x_wconf 89' lang='lat' dir='ltr'><strong>adornatusit,ut</strong></span> <span class='ocrx_word' id='word_1_186' title='bbox 1301 1868 1404 1944; x_wconf 74' lang='lat' dir='ltr'><strong>protius</strong></span> <span class='ocrx_word' id='word_1_187' title='bbox 1415 1876 1523 1930; x_wconf 89' lang='lat' dir='ltr'><strong>contra</strong></span> <span class='ocrx_word' id='word_1_188' title='bbox 1539 1869 1642 1948; x_wconf 89' lang='lat' dir='ltr'><strong>ipsius</strong></span> <span class='ocrx_word' id='word_1_189' title='bbox 1653 1872 1722 1934; x_wconf 91' lang='lat' dir='ltr'><strong>Ori-</strong></span> 
     </span>
     <span class='ocr_line' id='line_1_18' title="bbox 107 1936 1723 2046; baseline 0.012 -36"><span class='ocrx_word' id='word_1_190' title='bbox 107 1952 198 2027; x_wconf 89' lang='lat' dir='ltr'><strong>genis</strong></span> <span class='ocrx_word' id='word_1_191' title='bbox 227 1936 417 2014; x_wconf 87' lang='lat' dir='ltr'><strong>sententiam</strong></span> <span class='ocrx_word' id='word_1_192' title='bbox 448 1969 512 2015; x_wconf 90' lang='lat' dir='ltr'><strong>noc</strong></span> <span class='ocrx_word' id='word_1_193' title='bbox 543 1953 642 2015; x_wconf 86' lang='lat' dir='ltr'><strong>semel</strong></span> <span class='ocrx_word' id='word_1_194' title='bbox 677 1961 809 2032; x_wconf 80' lang='lat' dir='ltr'><strong>pugnet.</strong></span> <span class='ocrx_word' id='word_1_195' title='bbox 837 1955 1193 2024; x_wconf 85' lang='lat' dir='ltr'><strong>VerosirnilicrHuetio</strong></span> <span class='ocrx_word' id='word_1_196' title='bbox 1220 1963 1400 2041; x_wconf 89' lang='lat' dir='ltr'><strong>conjectura</strong></span> <span class='ocrx_word' id='word_1_197' title='bbox 1421 1964 1544 2040; x_wconf 89' lang='lat' dir='ltr'><strong>cupitur</strong></span> <span class='ocrx_word' id='word_1_198' title='bbox 1572 1982 1612 2027; x_wconf 85' lang='lat' dir='ltr'><strong>ex</strong></span> <span class='ocrx_word' id='word_1_199' title='bbox 1638 1969 1723 2046; x_wconf 92' lang='lat' dir='ltr'><strong>stylo</strong></span> 
     </span>
     <span class='ocr_line' id='line_1_19' title="bbox 108 2046 1725 2137; baseline 0.014 -32"><span class='ocrx_word' id='word_1_200' title='bbox 108 2046 298 2127; x_wconf 89' lang='lat' dir='ltr'><strong>delectuque</strong></span> <span class='ocrx_word' id='word_1_201' title='bbox 315 2049 494 2113; x_wconf 86' lang='lat' dir='ltr'><strong>dictionum</strong></span> <span class='ocrx_word' id='word_1_202' title='bbox 509 2050 734 2128; x_wconf 87' lang='lat' dir='ltr'><strong>quarumdam,</strong></span> <span class='ocrx_word' id='word_1_203' title='bbox 751 2065 830 2128; x_wconf 88' lang='lat' dir='ltr'><strong>quas</strong></span> <span class='ocrx_word' id='word_1_204' title='bbox 844 2049 1059 2134; x_wconf 78' lang='lat' dir='ltr'><strong>frequentius,</strong></span> <span class='ocrx_word' id='word_1_205' title='bbox 1083 2058 1136 2127; x_wconf 93' lang='lat' dir='ltr'><strong>uit,</strong></span> <span class='ocrx_word' id='word_1_206' title='bbox 1156 2057 1217 2117; x_wconf 88' lang='lat' dir='ltr'><strong>sibi</strong></span> <span class='ocrx_word' id='word_1_207' title='bbox 1236 2059 1453 2137; x_wconf 84' lang='lat' dir='ltr'><strong>Hieronymus</strong></span> <span class='ocrx_word' id='word_1_208' title='bbox 1465 2061 1621 2123; x_wconf 89' lang='lat' dir='ltr'><strong>asciscere</strong></span> <span class='ocrx_word' id='word_1_209' title='bbox 1631 2073 1725 2127; x_wconf 90' lang='lat' dir='ltr'><strong>umut.</strong></span> 
     </span>
     <span class='ocr_line' id='line_1_20' title="bbox 106 2142 1726 2233; baseline 0.009 -33"><span class='ocrx_word' id='word_1_210' title='bbox 106 2142 192 2214; x_wconf 87' lang='lat' dir='ltr'><strong>Quas</strong></span> <span class='ocrx_word' id='word_1_211' title='bbox 210 2143 329 2221; x_wconf 84' lang='lat' dir='ltr'><strong>proiert</strong></span> <span class='ocrx_word' id='word_1_212' title='bbox 344 2143 376 2204; x_wconf 90' lang='lat' dir='ltr'><strong>in</strong></span> <span class='ocrx_word' id='word_1_213' title='bbox 393 2146 587 2221; x_wconf 84' lang='lat' dir='ltr'><strong>exemplum,</strong></span> <span class='ocrx_word' id='word_1_214' title='bbox 605 2143 655 2207; x_wconf 81' lang='lat' dir='ltr'><strong>hm</strong></span> <span class='ocrx_word' id='word_1_215' title='bbox 668 2152 743 2206; x_wconf 89' lang='lat' dir='ltr'><strong>sunt</strong></span> <span class='ocrx_word' id='word_1_216' title='bbox 761 2167 768 2205; x_wconf 81' lang='lat' dir='ltr'><strong>s</strong></span> <span class='ocrx_word' id='word_1_217' title='bbox 787 2143 975 2215; x_wconf 74' lang='lat' dir='ltr'><strong>dissensus,</strong></span> <span class='ocrx_word' id='word_1_218' title='bbox 986 2147 1182 2220; x_wconf 85' lang='lat' dir='ltr'><strong>Dominicus,</strong></span> <span class='ocrx_word' id='word_1_219' title='bbox 1202 2153 1435 2228; x_wconf 85' lang='lat' dir='ltr'><strong>nuncupativus</strong></span> <span class='ocrx_word' id='word_1_220' title='bbox 1442 2172 1452 2219; x_wconf 82' lang='lat'><strong>‚-</strong></span> <span class='ocrx_word' id='word_1_221' title='bbox 1464 2152 1652 2230; x_wconf 80' lang='lat' dir='ltr'><strong>principale,</strong></span> <span class='ocrx_word' id='word_1_222' title='bbox 1669 2171 1726 2233; x_wconf 91' lang='lat' dir='ltr'><strong>pro</strong></span> 
     </span>
     <span class='ocr_line' id='line_1_21' title="bbox 107 2240 1724 2326; baseline 0.008 -28"><span class='ocrx_word' id='word_1_223' title='bbox 107 2255 146 2301; x_wconf 90' lang='lat' dir='ltr'><strong>eo</strong></span> <span class='ocrx_word' id='word_1_224' title='bbox 159 2240 244 2319; x_wconf 85' lang='lat' dir='ltr'><strong>quod</strong></span> <span class='ocrx_word' id='word_1_225' title='bbox 268 2249 316 2302; x_wconf 87' lang='lat' dir='ltr'><strong>est</strong></span> <span class='ocrx_word' id='word_1_226' title='bbox 332 2249 364 2302; x_wconf 77' lang='lat' dir='ltr'><strong>rb</strong></span> <span class='ocrx_word' id='word_1_227' title='bbox 374 2250 556 2322; x_wconf 64' lang='lat' dir='ltr'><strong>pyspaurutm</strong></span> <span class='ocrx_word' id='word_1_228' title='bbox 569 2241 754 2320; x_wconf 86' lang='lat' dir='ltr'><strong>principari</strong></span> <span class='ocrx_word' id='word_1_229' title='bbox 768 2243 877 2312; x_wconf 87' lang='lat' dir='ltr'><strong>elicui,</strong></span> <span class='ocrx_word' id='word_1_230' title='bbox 888 2242 1282 2322; x_wconf 61' lang='lat' dir='ltr'><strong>principalisprcphrtss,</strong></span> <span class='ocrx_word' id='word_1_231' title='bbox 1298 2247 1493 2324; x_wconf 82' lang='lat' dir='ltr'><strong>repromitto,</strong></span> <span class='ocrx_word' id='word_1_232' title='bbox 1509 2250 1724 2326; x_wconf 74' lang='lat' dir='ltr'><strong>repromissio,</strong></span> 
     </span>
    </p>
   </div>
   <div class='ocr_carea' id='block_1_3' title="bbox 104 2335 1821 2420">
    <p class='ocr_par' dir='ltr' id='par_1_3' title="bbox 104 2335 1821 2420">
     <span class='ocr_line' id='line_1_22' title="bbox 104 2335 1821 2420; baseline 0.009 -25"><span class='ocrx_word' id='word_1_233' title='bbox 104 2339 346 2415; x_wconf 68' lang='lat' dir='ltr'><strong>speculatorum,</strong></span> <span class='ocrx_word' id='word_1_234' title='bbox 361 2337 606 2418; x_wconf 83' lang='lat' dir='ltr'><strong>turpiloquium,</strong></span> <span class='ocrx_word' id='word_1_235' title='bbox 620 2335 774 2410; x_wconf 83' lang='lat' dir='ltr'><strong>Zchulus,</strong></span> <span class='ocrx_word' id='word_1_236' title='bbox 790 2348 904 2400; x_wconf 87' lang='lat' dir='ltr'><strong>cuncto</strong></span> <span class='ocrx_word' id='word_1_237' title='bbox 922 2338 1176 2415; x_wconf 72' lang='lat' dir='ltr'><strong>desepelierunt.</strong></span> <span class='ocrx_word' id='word_1_238' title='bbox 1209 2342 1272 2415; x_wconf 79' lang='lat' dir='ltr'><strong>Ego</strong></span> <span class='ocrx_word' id='word_1_239' title='bbox 1288 2358 1362 2402; x_wconf 86' lang='lat' dir='ltr'><strong>vero</strong></span> <span class='ocrx_word' id='word_1_240' title='bbox 1378 2358 1415 2403; x_wconf 83' lang='lat' dir='ltr'><strong>ex</strong></span> <span class='ocrx_word' id='word_1_241' title='bbox 1440 2340 1489 2401; x_wconf 95' lang='lat' dir='ltr'><strong>his</strong></span> <span class='ocrx_word' id='word_1_242' title='bbox 1506 2345 1651 2420; x_wconf 77' lang='lat' dir='ltr'><strong>quodum</strong></span> <span class='ocrx_word' id='word_1_243' title='bbox 1667 2362 1721 2408; x_wconf 91' lang='lat' dir='ltr'><strong>so·</strong></span> <span class='ocrx_word' id='word_1_244' title='bbox 1818 2405 1821 2411; x_wconf 88' lang='lat'><strong>.</strong></span> 
     </span>
    </p>
   </div>
   <div class='ocr_carea' id='block_1_4' title="bbox 101 2433 1771 3855">
    <p class='ocr_par' dir='ltr' id='par_1_4' title="bbox 101 2433 1771 3855">
     <span class='ocr_line' id='line_1_23' title="bbox 105 2433 1724 2518; baseline 0.004 -24"><span class='ocrx_word' id='word_1_245' title='bbox 105 2433 231 2512; x_wconf 86' lang='lat' dir='ltr'><strong>quioris</strong></span> <span class='ocrx_word' id='word_1_246' title='bbox 245 2434 422 2495; x_wconf 89' lang='lat' dir='ltr'><strong>Latinitatis</strong></span> <span class='ocrx_word' id='word_1_247' title='bbox 440 2437 603 2506; x_wconf 86' lang='lat' dir='ltr'><strong>vocabule,</strong></span> <span class='ocrx_word' id='word_1_248' title='bbox 618 2441 653 2495; x_wconf 89' lang='grc' dir='ltr'><strong>ιιι</strong></span> <span class='ocrx_word' id='word_1_249' title='bbox 668 2441 755 2508; x_wconf 91' lang='lat' dir='ltr'><strong>sunt,</strong></span> <span class='ocrx_word' id='word_1_250' title='bbox 770 2436 1013 2511; x_wconf 78' lang='lat' dir='ltr'><strong>nuncupatis-us,</strong></span> <span class='ocrx_word' id='word_1_251' title='bbox 1020 2434 1212 2512; x_wconf 85' lang='lat' dir='ltr'><strong>principari,</strong></span> <span class='ocrx_word' id='word_1_252' title='bbox 1221 2434 1462 2513; x_wconf 83' lang='lat' dir='ltr'><strong>speculatorius,</strong></span> <span class='ocrx_word' id='word_1_253' title='bbox 1480 2436 1724 2518; x_wconf 82' lang='lat' dir='ltr'><strong>turpiloquium,</strong></span> 
     </span>
     <span class='ocr_line' id='line_1_24' title="bbox 105 2527 1723 2615; baseline 0.006 -27"><span class='ocrx_word' id='word_1_254' title='bbox 105 2537 220 2589; x_wconf 86' lang='lat' dir='ltr'><strong>cuncte</strong></span> <span class='ocrx_word' id='word_1_255' title='bbox 235 2528 492 2608; x_wconf 79' lang='lat' dir='ltr'><strong>Eeouyclmrum,</strong></span> <span class='ocrx_word' id='word_1_256' title='bbox 511 2538 609 2607; x_wconf 82' lang='lat' dir='ltr'><strong>utque</strong></span> <span class='ocrx_word' id='word_1_257' title='bbox 626 2528 821 2600; x_wconf 86' lang='lat' dir='ltr'><strong>hissimiliu,</strong></span> <span class='ocrx_word' id='word_1_258' title='bbox 841 2528 959 2590; x_wconf 91' lang='lat' dir='ltr'><strong>nedum</strong></span> <span class='ocrx_word' id='word_1_259' title='bbox 982 2527 1201 2607; x_wconf 79' lang='lat' dir='ltr'><strong>frequentiore</strong></span> <span class='ocrx_word' id='word_1_260' title='bbox 1214 2546 1287 2591; x_wconf 89' lang='lat' dir='ltr'><strong>esse</strong></span> <span class='ocrx_word' id='word_1_261' title='bbox 1303 2530 1335 2590; x_wconf 93' lang='lat' dir='ltr'><strong>in</strong></span> <span class='ocrx_word' id='word_1_262' title='bbox 1358 2532 1548 2611; x_wconf 82' lang='lat' dir='ltr'><strong>Hieronymi</strong></span> <span class='ocrx_word' id='word_1_263' title='bbox 1581 2536 1723 2615; x_wconf 90' lang='lat' dir='ltr'><strong>scriptis,</strong></span> 
     </span>
     <span class='ocr_line' id='line_1_25' title="bbox 106 2623 1771 2707; baseline 0.004 -25"><span class='ocrx_word' id='word_1_264' title='bbox 106 2640 247 2703; x_wconf 83' lang='lat' dir='ltr'><strong>pernego</strong></span> <span class='ocrx_word' id='word_1_265' title='bbox 274 2642 405 2702; x_wconf 88' lang='lat' dir='ltr'><strong>prorsus</strong></span> <span class='ocrx_word' id='word_1_266' title='bbox 425 2626 577 2689; x_wconf 88' lang='lat' dir='ltr'><strong>inveniri.</strong></span> <span class='ocrx_word' id='word_1_267' title='bbox 595 2627 731 2704; x_wconf 77' lang='lat' dir='ltr'><strong>Reliqua</strong></span> <span class='ocrx_word' id='word_1_268' title='bbox 754 2627 779 2687; x_wconf 92' lang='lat' dir='ltr'><strong>si</strong></span> <span class='ocrx_word' id='word_1_269' title='bbox 807 2627 936 2704; x_wconf 82' lang='lat' dir='ltr'><strong>qrrundo</strong></span> <span class='ocrx_word' id='word_1_270' title='bbox 960 2623 1095 2685; x_wconf 83' lang='lat' dir='ltr'><strong>tortasse</strong></span> <span class='ocrx_word' id='word_1_271' title='bbox 1114 2632 1294 2699; x_wconf 89' lang='lat' dir='ltr'><strong>occurrunt,</strong></span> <span class='ocrx_word' id='word_1_272' title='bbox 1314 2643 1377 2688; x_wconf 91' lang='lat' dir='ltr'><strong>non</strong></span> <span class='ocrx_word' id='word_1_273' title='bbox 1406 2626 1476 2706; x_wconf 86' lang='lat' dir='ltr'><strong>ejus</strong></span> <span class='ocrx_word' id='word_1_274' title='bbox 1504 2631 1631 2707; x_wconf 92' lang='lat' dir='ltr'><strong>propriu</strong></span> <span class='ocrx_word' id='word_1_275' title='bbox 1654 2648 1724 2695; x_wconf 89' lang='lat' dir='ltr'><strong>esse</strong></span> <span class='ocrx_word' id='word_1_276' title='bbox 1767 2680 1771 2688; x_wconf 96' lang='lat'><strong>.</strong></span> 
     </span>
     <span class='ocr_line' id='line_1_26' title="bbox 105 2719 1723 2798; baseline 0.004 -17"><span class='ocrx_word' id='word_1_277' title='bbox 105 2723 276 2794; x_wconf 91' lang='lat' dir='ltr'><strong>contendo,</strong></span> <span class='ocrx_word' id='word_1_278' title='bbox 290 2724 346 2783; x_wconf 89' lang='lat' dir='ltr'><strong>sed</strong></span> <span class='ocrx_word' id='word_1_279' title='bbox 363 2723 406 2783; x_wconf 92' lang='lat' dir='ltr'><strong>illi</strong></span> <span class='ocrx_word' id='word_1_280' title='bbox 424 2740 495 2784; x_wconf 89' lang='lat' dir='ltr'><strong>cum</strong></span> <span class='ocrx_word' id='word_1_281' title='bbox 530 2723 681 2784; x_wconf 71' lang='lat' dir='ltr'><strong>urniuersu</strong></span> <span class='ocrx_word' id='word_1_282' title='bbox 714 2722 905 2798; x_wconf 91' lang='lat' dir='ltr'><strong>scriptorum</strong></span> <span class='ocrx_word' id='word_1_283' title='bbox 931 2719 1001 2798; x_wconf 86' lang='lat' dir='ltr'><strong>ejus</strong></span> <span class='ocrx_word' id='word_1_284' title='bbox 1019 2719 1079 2781; x_wconf 84' lang='lat' dir='ltr'><strong>ueri</strong></span> <span class='ocrx_word' id='word_1_285' title='bbox 1108 2720 1205 2781; x_wconf 89' lang='lat' dir='ltr'><strong>choro</strong></span> <span class='ocrx_word' id='word_1_286' title='bbox 1225 2722 1488 2783; x_wconf 67' lang='lat' dir='ltr'><strong>communicen</strong></span> <span class='ocrx_word' id='word_1_287' title='bbox 1506 2723 1633 2798; x_wconf 91' lang='lat' dir='ltr'><strong>deinde,</strong></span> <span class='ocrx_word' id='word_1_288' title='bbox 1651 2743 1723 2789; x_wconf 88' lang='lat' dir='ltr'><strong>curn</strong></span> 
     </span>
     <span class='ocr_line' id='line_1_27' title="bbox 104 2815 1723 2897; baseline 0.003 -19"><span class='ocrx_word' id='word_1_289' title='bbox 104 2833 188 2878; x_wconf 89' lang='lat' dir='ltr'><strong>nona</strong></span> <span class='ocrx_word' id='word_1_290' title='bbox 216 2835 256 2877; x_wconf 84' lang='lat' dir='ltr'><strong>ex</strong></span> <span class='ocrx_word' id='word_1_291' title='bbox 281 2817 331 2880; x_wconf 89' lang='lat' dir='ltr'><strong>his</strong></span> <span class='ocrx_word' id='word_1_292' title='bbox 358 2819 523 2880; x_wconf 81' lang='lat' dir='ltr'><strong>inluuiem</strong></span> <span class='ocrx_word' id='word_1_293' title='bbox 544 2818 693 2881; x_wconf 89' lang='lat' dir='ltr'><strong>Homiliis</strong></span> <span class='ocrx_word' id='word_1_294' title='bbox 712 2827 869 2896; x_wconf 87' lang='lat' dir='ltr'><strong>postrema</strong></span> <span class='ocrx_word' id='word_1_295' title='bbox 894 2815 947 2878; x_wconf 87' lang='lat' dir='ltr'><strong>soi</strong></span> <span class='ocrx_word' id='word_1_296' title='bbox 963 2825 1050 2894; x_wconf 89' lang='lat' dir='ltr'><strong>purte</strong></span> <span class='ocrx_word' id='word_1_297' title='bbox 1073 2823 1215 2877; x_wconf 88' lang='lat' dir='ltr'><strong>truncatu</strong></span> <span class='ocrx_word' id='word_1_298' title='bbox 1238 2815 1278 2876; x_wconf 88' lang='lat' dir='ltr'><strong>sit</strong></span> <span class='ocrx_word' id='word_1_299' title='bbox 1301 2816 1334 2877; x_wconf 92' lang='lat' dir='ltr'><strong>in</strong></span> <span class='ocrx_word' id='word_1_300' title='bbox 1356 2817 1451 2877; x_wconf 89' lang='lat' dir='ltr'><strong>editis</strong></span> <span class='ocrx_word' id='word_1_301' title='bbox 1478 2833 1570 2897; x_wconf 82' lang='lat' dir='ltr'><strong>mque</strong></span> <span class='ocrx_word' id='word_1_302' title='bbox 1593 2835 1629 2881; x_wconf 91' lang='lat' dir='ltr'><strong>uc</strong></span> <span class='ocrx_word' id='word_1_303' title='bbox 1646 2838 1723 2885; x_wconf 83' lang='lat' dir='ltr'><strong>mss.</strong></span> 
     </span>
     <span class='ocr_line' id='line_1_28' title="bbox 106 2910 1726 2992; baseline 0.005 -22"><span class='ocrx_word' id='word_1_304' title='bbox 106 2914 205 2986; x_wconf 90' lang='lat' dir='ltr'><strong>tibris,</strong></span> <span class='ocrx_word' id='word_1_305' title='bbox 224 2915 320 2992; x_wconf 80' lang='lat' dir='ltr'><strong>eique</strong></span> <span class='ocrx_word' id='word_1_306' title='bbox 340 2913 530 2992; x_wconf 76' lang='lat' dir='ltr'><strong>supplendus</strong></span> <span class='ocrx_word' id='word_1_307' title='bbox 542 2916 680 2977; x_wconf 90' lang='lat' dir='ltr'><strong>detractu</strong></span> <span class='ocrx_word' id='word_1_308' title='bbox 693 2915 769 2975; x_wconf 91' lang='lat' dir='ltr'><strong>olim</strong></span> <span class='ocrx_word' id='word_1_309' title='bbox 787 2912 883 2974; x_wconf 84' lang='lat' dir='ltr'><strong>luerit</strong></span> <span class='ocrx_word' id='word_1_310' title='bbox 897 2916 1056 2988; x_wconf 86' lang='lat' dir='ltr'><strong>postrema</strong></span> <span class='ocrx_word' id='word_1_311' title='bbox 1074 2926 1146 2989; x_wconf 89' lang='lat' dir='ltr'><strong>pers</strong></span> <span class='ocrx_word' id='word_1_312' title='bbox 1167 2910 1318 2973; x_wconf 83' lang='lat' dir='ltr'><strong>Homiliee</strong></span> <span class='ocrx_word' id='word_1_313' title='bbox 1338 2911 1449 2974; x_wconf 88' lang='lat' dir='ltr'><strong>itidem</strong></span> <span class='ocrx_word' id='word_1_314' title='bbox 1479 2930 1573 2976; x_wconf 82' lang='lat' dir='ltr'><strong>noum</strong></span> <span class='ocrx_word' id='word_1_315' title='bbox 1587 2915 1620 2976; x_wconf 89' lang='lat' dir='ltr'><strong>in</strong></span> <span class='ocrx_word' id='word_1_316' title='bbox 1638 2918 1726 2979; x_wconf 89' lang='lat' dir='ltr'><strong>lere·</strong></span> 
     </span>
     <span class='ocr_line' id='line_1_29' title="bbox 104 3005 1725 3088; baseline 0.003 -20"><span class='ocrx_word' id='word_1_317' title='bbox 104 3009 213 3081; x_wconf 90' lang='lat' dir='ltr'><strong>mium,</strong></span> <span class='ocrx_word' id='word_1_318' title='bbox 226 3027 320 3088; x_wconf 81' lang='lat' dir='ltr'><strong>qurum</strong></span> <span class='ocrx_word' id='word_1_319' title='bbox 337 3026 433 3073; x_wconf 87' lang='lat' dir='ltr'><strong>neruo</strong></span> <span class='ocrx_word' id='word_1_320' title='bbox 445 3013 580 3085; x_wconf 78' lang='lat' dir='ltr'><strong>dutritut,</strong></span> <span class='ocrx_word' id='word_1_321' title='bbox 596 3010 783 3087; x_wconf 82' lang='lat' dir='ltr'><strong>Hieronymi</strong></span> <span class='ocrx_word' id='word_1_322' title='bbox 803 3005 1099 3082; x_wconf 80' lang='lat' dir='ltr'><strong>interpretationem</strong></span> <span class='ocrx_word' id='word_1_323' title='bbox 1117 3023 1199 3076; x_wconf 87' lang='lat' dir='ltr'><strong>esse,</strong></span> <span class='ocrx_word' id='word_1_324' title='bbox 1215 3005 1308 3069; x_wconf 85' lang='lat' dir='ltr'><strong>facile</strong></span> <span class='ocrx_word' id='word_1_325' title='bbox 1335 3007 1404 3068; x_wconf 88' lang='lat' dir='ltr'><strong>lieri</strong></span> <span class='ocrx_word' id='word_1_326' title='bbox 1435 3009 1593 3086; x_wconf 89' lang='lat' dir='ltr'><strong>potuisse,</strong></span> <span class='ocrx_word' id='word_1_327' title='bbox 1617 3018 1651 3073; x_wconf 92' lang='lat' dir='ltr'><strong>ut</strong></span> <span class='ocrx_word' id='word_1_328' title='bbox 1685 3012 1725 3074; x_wconf 87' lang='lat' dir='ltr'><strong>li·</strong></span> 
     </span>
     <span class='ocr_line' id='line_1_30' title="bbox 104 3101 1726 3184; baseline 0.005 -21"><span class='ocrx_word' id='word_1_329' title='bbox 104 3103 230 3165; x_wconf 86' lang='lat' dir='ltr'><strong>brarius</strong></span> <span class='ocrx_word' id='word_1_330' title='bbox 247 3106 448 3184; x_wconf 86' lang='lat' dir='ltr'><strong>imprudens,</strong></span> <span class='ocrx_word' id='word_1_331' title='bbox 467 3110 504 3169; x_wconf 96' lang='lat' dir='ltr'><strong>ud</strong></span> <span class='ocrx_word' id='word_1_332' title='bbox 521 3105 761 3169; x_wconf 89' lang='lat' dir='ltr'><strong>describendum</strong></span> <span class='ocrx_word' id='word_1_333' title='bbox 780 3112 969 3171; x_wconf 84' lang='lat' dir='ltr'><strong>postremam</strong></span> <span class='ocrx_word' id='word_1_334' title='bbox 994 3101 1084 3163; x_wconf 89' lang='lat' dir='ltr'><strong>illius</strong></span> <span class='ocrx_word' id='word_1_335' title='bbox 1110 3110 1250 3181; x_wconf 90' lang='lat' dir='ltr'><strong>partem,</strong></span> <span class='ocrx_word' id='word_1_336' title='bbox 1268 3102 1303 3165; x_wconf 91' lang='lat' dir='ltr'><strong>in</strong></span> <span class='ocrx_word' id='word_1_337' title='bbox 1318 3102 1414 3182; x_wconf 76' lang='lat' dir='ltr'><strong>huius</strong></span> <span class='ocrx_word' id='word_1_338' title='bbox 1437 3113 1629 3182; x_wconf 91' lang='lat' dir='ltr'><strong>postremum</strong></span> <span class='ocrx_word' id='word_1_339' title='bbox 1649 3124 1726 3172; x_wconf 86' lang='lat' dir='ltr'><strong>cusu</strong></span> 
     </span>
     <span class='ocr_line' id='line_1_31' title="bbox 104 3193 1725 3280; baseline 0.004 -21"><span class='ocrx_word' id='word_1_340' title='bbox 104 3193 272 3276; x_wconf 86' lang='lat' dir='ltr'><strong>inciderit;</strong></span> <span class='ocrx_word' id='word_1_341' title='bbox 291 3201 365 3265; x_wconf 89' lang='lat' dir='ltr'><strong>hinc</strong></span> <span class='ocrx_word' id='word_1_342' title='bbox 381 3217 455 3264; x_wconf 89' lang='lat' dir='ltr'><strong>vero</strong></span> <span class='ocrx_word' id='word_1_343' title='bbox 470 3218 536 3264; x_wconf 93' lang='lat' dir='ltr'><strong>non</strong></span> <span class='ocrx_word' id='word_1_344' title='bbox 553 3202 649 3264; x_wconf 91' lang='lat' dir='ltr'><strong>inune</strong></span> <span class='ocrx_word' id='word_1_345' title='bbox 661 3203 746 3263; x_wconf 90' lang='lat' dir='ltr'><strong>sumi</strong></span> <span class='ocrx_word' id='word_1_346' title='bbox 764 3208 989 3280; x_wconf 79' lang='lat' dir='ltr'><strong>argumentum</strong></span> <span class='ocrx_word' id='word_1_347' title='bbox 1014 3198 1228 3260; x_wconf 91' lang='lat' dir='ltr'><strong>Homiliurum</strong></span> <span class='ocrx_word' id='word_1_348' title='bbox 1248 3199 1282 3261; x_wconf 91' lang='lat' dir='ltr'><strong>in</strong></span> <span class='ocrx_word' id='word_1_349' title='bbox 1299 3200 1413 3261; x_wconf 88' lang='lat' dir='ltr'><strong>lsaium</strong></span> <span class='ocrx_word' id='word_1_350' title='bbox 1435 3216 1498 3264; x_wconf 90' lang='lat' dir='ltr'><strong>non</strong></span> <span class='ocrx_word' id='word_1_351' title='bbox 1515 3219 1608 3265; x_wconf 88' lang='lat' dir='ltr'><strong>secus</strong></span> <span class='ocrx_word' id='word_1_352' title='bbox 1625 3205 1725 3268; x_wconf 88' lang='lat' dir='ltr'><strong>inter·</strong></span> 
     </span>
     <span class='ocr_line' id='line_1_32' title="bbox 105 3294 1725 3382; baseline 0.004 -26"><span class='ocrx_word' id='word_1_353' title='bbox 105 3305 226 3377; x_wconf 82' lang='lat' dir='ltr'><strong>protem</strong></span> <span class='ocrx_word' id='word_1_354' title='bbox 244 3297 343 3360; x_wconf 86' lang='lat' dir='ltr'><strong>luisse</strong></span> <span class='ocrx_word' id='word_1_355' title='bbox 366 3300 602 3378; x_wconf 87' lang='lat' dir='ltr'><strong>Hieronymum</strong></span> <span class='ocrx_word' id='word_1_356' title='bbox 626 3299 884 3362; x_wconf 89' lang='lat' dir='ltr'><strong>ucHomiliarum</strong></span> <span class='ocrx_word' id='word_1_357' title='bbox 898 3296 933 3357; x_wconf 93' lang='lat' dir='ltr'><strong>in</strong></span> <span class='ocrx_word' id='word_1_358' title='bbox 947 3294 1133 3358; x_wconf 88' lang='lat' dir='ltr'><strong>leremium.</strong></span> <span class='ocrx_word' id='word_1_359' title='bbox 1147 3295 1286 3357; x_wconf 80' lang='lat' dir='ltr'><strong>Dixisset</strong></span> <span class='ocrx_word' id='word_1_360' title='bbox 1308 3295 1384 3382; x_wconf 80' lang='lat' dir='ltr'><strong>hinc</strong></span> <span class='ocrx_word' id='word_1_361' title='bbox 1405 3297 1525 3376; x_wconf 78' lang='lat' dir='ltr'><strong>colligi,</strong></span> <span class='ocrx_word' id='word_1_362' title='bbox 1542 3302 1630 3378; x_wconf 86' lang='lat' dir='ltr'><strong>qnod</strong></span> <span class='ocrx_word' id='word_1_363' title='bbox 1651 3317 1725 3380; x_wconf 90' lang='lat' dir='ltr'><strong>pro·</strong></span> 
     </span>
     <span class='ocr_line' id='line_1_33' title="bbox 104 3390 1725 3497; baseline 0.002 -43"><span class='ocrx_word' id='word_1_364' title='bbox 104 3392 188 3455; x_wconf 87' lang='lat' dir='ltr'><strong>tecto</strong></span> <span class='ocrx_word' id='word_1_365' title='bbox 205 3410 305 3455; x_wconf 80' lang='lat' dir='ltr'><strong>unium</strong></span> <span class='ocrx_word' id='word_1_366' title='bbox 328 3400 442 3471; x_wconf 86' lang='lat' dir='ltr'><strong>potest,</strong></span> <span class='ocrx_word' id='word_1_367' title='bbox 460 3396 620 3473; x_wconf 87' lang='lat' dir='ltr'><strong>conjectas</strong></span> <span class='ocrx_word' id='word_1_368' title='bbox 632 3395 664 3457; x_wconf 91' lang='lat' dir='ltr'><strong>in</strong></span> <span class='ocrx_word' id='word_1_369' title='bbox 678 3411 779 3458; x_wconf 92' lang='lat' dir='ltr'><strong>unum</strong></span> <span class='ocrx_word' id='word_1_370' title='bbox 789 3393 1057 3471; x_wconf 86' lang='lat' dir='ltr'><strong>Origanianorum</strong></span> <span class='ocrx_word' id='word_1_371' title='bbox 1071 3392 1210 3469; x_wconf 89' lang='lat' dir='ltr'><strong>Operum</strong></span> <span class='ocrx_word' id='word_1_372' title='bbox 1227 3390 1389 3468; x_wconf 86' lang='lat' dir='ltr'><strong>exemplar</strong></span> <span class='ocrx_word' id='word_1_373' title='bbox 1408 3391 1443 3497; x_wconf 80' lang='lat' dir='ltr'><strong>ip</strong></span> <span class='ocrx_word' id='word_1_374' title='bbox 1457 3402 1630 3473; x_wconf 89' lang='lat' dir='ltr'><strong>utrumque</strong></span> <span class='ocrx_word' id='word_1_375' title='bbox 1652 3412 1725 3473; x_wconf 89' lang='lat' dir='ltr'><strong>pro·</strong></span> 
     </span>
     <span class='ocr_line' id='line_1_34' title="bbox 106 3485 1725 3570; baseline 0.004 -25"><span class='ocrx_word' id='word_1_376' title='bbox 106 3488 231 3569; x_wconf 87' lang='lat' dir='ltr'><strong>phetam</strong></span> <span class='ocrx_word' id='word_1_377' title='bbox 246 3490 415 3565; x_wconf 83' lang='lat' dir='ltr'><strong>Hamillus,</strong></span> <span class='ocrx_word' id='word_1_378' title='bbox 434 3490 522 3552; x_wconf 90' lang='lat' dir='ltr'><strong>nulle</strong></span> <span class='ocrx_word' id='word_1_379' title='bbox 539 3491 735 3570; x_wconf 88' lang='lat' dir='ltr'><strong>interpretis,</strong></span> <span class='ocrx_word' id='word_1_380' title='bbox 757 3499 791 3551; x_wconf 93' lang='grc' dir='ltr'><strong>ιιι</strong></span> <span class='ocrx_word' id='word_1_381' title='bbox 814 3488 964 3551; x_wconf 85' lang='lat' dir='ltr'><strong>usuvenit</strong></span> <span class='ocrx_word' id='word_1_382' title='bbox 976 3490 1008 3548; x_wconf 89' lang='lat' dir='ltr'><strong>iu</strong></span> <span class='ocrx_word' id='word_1_383' title='bbox 1025 3486 1164 3564; x_wconf 80' lang='lat' dir='ltr'><strong>antiquis</strong></span> <span class='ocrx_word' id='word_1_384' title='bbox 1184 3485 1288 3559; x_wconf 90' lang='lat' dir='ltr'><strong>libris,</strong></span> <span class='ocrx_word' id='word_1_385' title='bbox 1302 3487 1358 3548; x_wconf 90' lang='lat' dir='ltr'><strong>sed</strong></span> <span class='ocrx_word' id='word_1_386' title='bbox 1373 3489 1516 3550; x_wconf 87' lang='lat' dir='ltr'><strong>auctoris</strong></span> <span class='ocrx_word' id='word_1_387' title='bbox 1530 3489 1655 3553; x_wconf 89' lang='lat' dir='ltr'><strong>ratione</strong></span> <span class='ocrx_word' id='word_1_388' title='bbox 1667 3493 1725 3552; x_wconf 91' lang='lat' dir='ltr'><strong>hu·</strong></span> 
     </span>
     <span class='ocr_line' id='line_1_35' title="bbox 106 3582 1722 3665; baseline 0 -18"><span class='ocrx_word' id='word_1_389' title='bbox 106 3585 187 3647; x_wconf 90' lang='lat' dir='ltr'><strong>bita:</strong></span> <span class='ocrx_word' id='word_1_390' title='bbox 204 3586 302 3665; x_wconf 76' lang='lat' dir='ltr'><strong>idque</strong></span> <span class='ocrx_word' id='word_1_391' title='bbox 321 3604 422 3648; x_wconf 92' lang='lat' dir='ltr'><strong>unum</strong></span> <span class='ocrx_word' id='word_1_392' title='bbox 435 3586 532 3648; x_wconf 86' lang='lat' dir='ltr'><strong>veteri</strong></span> <span class='ocrx_word' id='word_1_393' title='bbox 551 3586 682 3648; x_wconf 90' lang='lat' dir='ltr'><strong>librario</strong></span> <span class='ocrx_word' id='word_1_394' title='bbox 698 3586 802 3648; x_wconf 80' lang='lat' dir='ltr'><strong>fraudi</strong></span> <span class='ocrx_word' id='word_1_395' title='bbox 820 3585 935 3654; x_wconf 85' lang='lat' dir='ltr'><strong>luisse,</strong></span> <span class='ocrx_word' id='word_1_396' title='bbox 958 3584 1044 3663; x_wconf 83' lang='lat' dir='ltr'><strong>qrrod</strong></span> <span class='ocrx_word' id='word_1_397' title='bbox 1060 3600 1180 3645; x_wconf 77' lang='lat' dir='ltr'><strong>tronum</strong></span> <span class='ocrx_word' id='word_1_398' title='bbox 1202 3593 1338 3661; x_wconf 87' lang='lat' dir='ltr'><strong>utruque</strong></span> <span class='ocrx_word' id='word_1_399' title='bbox 1356 3582 1460 3645; x_wconf 89' lang='lat' dir='ltr'><strong>locum</strong></span> <span class='ocrx_word' id='word_1_400' title='bbox 1478 3584 1649 3647; x_wconf 86' lang='lat' dir='ltr'><strong>obtineret.</strong></span> <span class='ocrx_word' id='word_1_401' title='bbox 1661 3587 1722 3651; x_wconf 89' lang='lat' dir='ltr'><strong>Sed</strong></span> 
     </span>
     <span class='ocr_line' id='line_1_36' title="bbox 101 3677 1722 3760; baseline 0.002 -21"><span class='ocrx_word' id='word_1_402' title='bbox 101 3680 168 3757; x_wconf 87' lang='lat' dir='ltr'><strong>jam</strong></span> <span class='ocrx_word' id='word_1_403' title='bbox 181 3681 380 3743; x_wconf 84' lang='lat' dir='ltr'><strong>Tilleruontii</strong></span> <span class='ocrx_word' id='word_1_404' title='bbox 394 3693 579 3760; x_wconf 86' lang='lat' dir='ltr'><strong>argumenta</strong></span> <span class='ocrx_word' id='word_1_405' title='bbox 592 3683 824 3759; x_wconf 83' lang='lat' dir='ltr'><strong>expendemus.</strong></span> <span class='ocrx_word' id='word_1_406' title='bbox 834 3681 982 3748; x_wconf 86' lang='lat' dir='ltr'><strong>Retices,</strong></span> <span class='ocrx_word' id='word_1_407' title='bbox 996 3679 1039 3738; x_wconf 91' lang='lat' dir='ltr'><strong>eit</strong></span> <span class='ocrx_word' id='word_1_408' title='bbox 1050 3679 1117 3748; x_wconf 88' lang='lat' dir='ltr'><strong>ille,</strong></span> <span class='ocrx_word' id='word_1_409' title='bbox 1127 3685 1158 3738; x_wconf 93' lang='lat' dir='ltr'><strong>ot</strong></span> <span class='ocrx_word' id='word_1_410' title='bbox 1168 3678 1287 3740; x_wconf 84' lang='lat' dir='ltr'><strong>leveris</strong></span> <span class='ocrx_word' id='word_1_411' title='bbox 1301 3677 1333 3738; x_wconf 90' lang='lat' dir='ltr'><strong>in</strong></span> <span class='ocrx_word' id='word_1_412' title='bbox 1349 3677 1522 3755; x_wconf 87' lang='lat' dir='ltr'><strong>Orlgcnem</strong></span> <span class='ocrx_word' id='word_1_413' title='bbox 1534 3680 1722 3759; x_wconf 89' lang='lat' dir='ltr'><strong>Hieronymi</strong></span> 
     </span>
     <span class='ocr_line' id='line_1_37' title="bbox 105 3771 1722 3855; baseline -0.001 -19"><span class='ocrx_word' id='word_1_414' title='bbox 105 3777 253 3855; x_wconf 85' lang='lat' dir='ltr'><strong>exemplo</strong></span> <span class='ocrx_word' id='word_1_415' title='bbox 273 3778 491 3854; x_wconf 87' lang='lat' dir='ltr'><strong>suspicionem</strong></span> <span class='ocrx_word' id='word_1_416' title='bbox 522 3784 771 3855; x_wconf 88' lang='lat' dir='ltr'><strong>purgaret,eum</strong></span> <span class='ocrx_word' id='word_1_417' title='bbox 796 3774 906 3836; x_wconf 86' lang='lat' dir='ltr'><strong>scribit</strong></span> <span class='ocrx_word' id='word_1_418' title='bbox 940 3772 973 3834; x_wconf 93' lang='lat' dir='ltr'><strong>in</strong></span> <span class='ocrx_word' id='word_1_419' title='bbox 1000 3771 1190 3834; x_wconf 79' lang='lat' dir='ltr'><strong>Praelatud</strong></span> <span class='ocrx_word' id='word_1_420' title='bbox 1224 3772 1340 3833; x_wconf 91' lang='lat' dir='ltr'><strong>librum</strong></span> <span class='ocrx_word' id='word_1_421' title='bbox 1360 3771 1396 3832; x_wconf 84' lang='lat' dir='ltr'><strong>de</strong></span> <span class='ocrx_word' id='word_1_422' title='bbox 1413 3772 1601 3850; x_wconf 83' lang='lat' dir='ltr'><strong>Principiis,</strong></span> <span class='ocrx_word' id='word_1_423' title='bbox 1634 3776 1722 3838; x_wconf 87' lang='lat' dir='ltr'><strong>uitro</strong></span> 
     </span>
    </p>
   </div>
   <div class='ocr_carea' id='block_1_5' title="bbox 104 3860 1829 3951">
    <p class='ocr_par' dir='ltr' id='par_1_5' title="bbox 104 3860 1829 3951">
     <span class='ocr_line' id='line_1_38' title="bbox 104 3860 1829 3951; baseline -0.001 -19"><span class='ocrx_word' id='word_1_424' title='bbox 104 3874 305 3951; x_wconf 74' lang='lat' dir='ltr'><strong>suptuaginta</strong></span> <span class='ocrx_word' id='word_1_425' title='bbox 322 3872 442 3936; x_wconf 78' lang='lat' dir='ltr'><strong>libellos</strong></span> <span class='ocrx_word' id='word_1_426' title='bbox 458 3872 618 3950; x_wconf 73' lang='lat' dir='ltr'><strong>ertpemu,</strong></span> <span class='ocrx_word' id='word_1_427' title='bbox 634 3889 708 3950; x_wconf 86' lang='lat' dir='ltr'><strong>quoa</strong></span> <span class='ocrx_word' id='word_1_428' title='bbox 728 3871 931 3932; x_wconf 82' lang='lat' dir='ltr'><strong>Hcruilsticus</strong></span> <span class='ocrx_word' id='word_1_429' title='bbox 946 3865 1137 3947; x_wconf 84' lang='lat' dir='ltr'><strong>appellauit,</strong></span> <span class='ocrx_word' id='word_1_430' title='bbox 1156 3869 1365 3928; x_wconf 81' lang='lat' dir='ltr'><strong>transtulisse.</strong></span> <span class='ocrx_word' id='word_1_431' title='bbox 1391 3868 1423 3930; x_wconf 87' lang='lat' dir='ltr'><strong>Si</strong></span> <span class='ocrx_word' id='word_1_432' title='bbox 1447 3870 1602 3930; x_wconf 86' lang='lat' dir='ltr'><strong>rationem</strong></span> <span class='ocrx_word' id='word_1_433' title='bbox 1632 3871 1721 3934; x_wconf 80' lang='lat' dir='ltr'><strong>irruas</strong></span> <span class='ocrx_word' id='word_1_434' title='bbox 1826 3860 1829 3865; x_wconf 64' lang='grc'>’</span> 
     </span>
    </p>
   </div>
   <div class='ocr_carea' id='block_1_6' title="bbox 102 3965 1745 5488">
    <p class='ocr_par' dir='ltr' id='par_1_6' title="bbox 102 3965 1745 5488">
     <span class='ocr_line' id='line_1_39' title="bbox 105 3965 1718 4047; baseline 0.001 -17"><span class='ocrx_word' id='word_1_435' title='bbox 105 3988 144 4030; x_wconf 85' lang='lat' dir='ltr'><strong>eu</strong></span> <span class='ocrx_word' id='word_1_436' title='bbox 160 3968 323 4042; x_wconf 81' lang='lat' dir='ltr'><strong>omnibus,</strong></span> <span class='ocrx_word' id='word_1_437' title='bbox 337 3968 572 4047; x_wconf 86' lang='lat' dir='ltr'><strong>duodetriginta</strong></span> <span class='ocrx_word' id='word_1_438' title='bbox 588 3968 619 4028; x_wconf 91' lang='lat' dir='ltr'><strong>in</strong></span> <span class='ocrx_word' id='word_1_439' title='bbox 637 3968 806 4029; x_wconf 67' lang='lat' dir='ltr'><strong>terentium</strong></span> <span class='ocrx_word' id='word_1_440' title='bbox 824 3970 854 4028; x_wconf 86' lang='lat' dir='ltr'><strong>et</strong></span> <span class='ocrx_word' id='word_1_441' title='bbox 877 3965 1084 4040; x_wconf 81' lang='lat' dir='ltr'><strong>Ezechielem,</strong></span> <span class='ocrx_word' id='word_1_442' title='bbox 1101 3965 1230 4044; x_wconf 91' lang='lat' dir='ltr'><strong>triginta</strong></span> <span class='ocrx_word' id='word_1_443' title='bbox 1257 3981 1387 4043; x_wconf 87' lang='lat' dir='ltr'><strong>quoque</strong></span> <span class='ocrx_word' id='word_1_444' title='bbox 1404 3982 1518 4029; x_wconf 87' lang='lat' dir='ltr'><strong>novem</strong></span> <span class='ocrx_word' id='word_1_445' title='bbox 1540 3967 1572 4029; x_wconf 92' lang='lat' dir='ltr'><strong>in</strong></span> <span class='ocrx_word' id='word_1_446' title='bbox 1589 3968 1718 4045; x_wconf 85' lang='lat' dir='ltr'><strong>Lucam,</strong></span> 
     </span>
     <span class='ocr_line' id='line_1_40' title="bbox 104 4062 1721 4140; baseline 0.001 -14"><span class='ocrx_word' id='word_1_447' title='bbox 104 4082 175 4126; x_wconf 92' lang='lat' dir='ltr'><strong>eum</strong></span> <span class='ocrx_word' id='word_1_448' title='bbox 202 4066 327 4126; x_wconf 85' lang='lat' dir='ltr'><strong>duabus</strong></span> <span class='ocrx_word' id='word_1_449' title='bbox 359 4067 390 4125; x_wconf 89' lang='lat' dir='ltr'><strong>in</strong></span> <span class='ocrx_word' id='word_1_450' title='bbox 411 4064 573 4125; x_wconf 79' lang='lat' dir='ltr'><strong>canticum</strong></span> <span class='ocrx_word' id='word_1_451' title='bbox 596 4065 804 4137; x_wconf 88' lang='lat' dir='ltr'><strong>canticorum,</strong></span> <span class='ocrx_word' id='word_1_452' title='bbox 830 4062 960 4125; x_wconf 91' lang='lat' dir='ltr'><strong>nonnisi</strong></span> <span class='ocrx_word' id='word_1_453' title='bbox 983 4063 1145 4140; x_wconf 86' lang='lat' dir='ltr'><strong>sexaginta</strong></span> <span class='ocrx_word' id='word_1_454' title='bbox 1176 4077 1289 4123; x_wconf 84' lang='lat' dir='ltr'><strong>norem</strong></span> <span class='ocrx_word' id='word_1_455' title='bbox 1315 4062 1656 4138; x_wconf 87' lang='lat' dir='ltr'><strong>summamconhcies;</strong></span> <span class='ocrx_word' id='word_1_456' title='bbox 1686 4075 1721 4127; x_wconf 92' lang='lat' dir='ltr'><strong>ut</strong></span> 
     </span>
     <span class='ocr_line' id='line_1_41' title="bbox 105 4157 1720 4235; baseline -0.001 -13"><span class='ocrx_word' id='word_1_457' title='bbox 105 4161 186 4222; x_wconf 91' lang='lat' dir='ltr'><strong>nibil</strong></span> <span class='ocrx_word' id='word_1_458' title='bbox 200 4161 330 4223; x_wconf 81' lang='lat' dir='ltr'><strong>accesit</strong></span> <span class='ocrx_word' id='word_1_459' title='bbox 347 4158 494 4231; x_wconf 92' lang='lat' dir='ltr'><strong>dubium,</strong></span> <span class='ocrx_word' id='word_1_460' title='bbox 515 4158 730 4219; x_wconf 73' lang='lat' dir='ltr'><strong>numerandus</strong></span> <span class='ocrx_word' id='word_1_461' title='bbox 745 4157 841 4219; x_wconf 90' lang='lat' dir='ltr'><strong>simul</strong></span> <span class='ocrx_word' id='word_1_462' title='bbox 856 4174 926 4219; x_wconf 90' lang='lat' dir='ltr'><strong>esse</strong></span> <span class='ocrx_word' id='word_1_463' title='bbox 939 4158 1014 4219; x_wconf 90' lang='lat' dir='ltr'><strong>istus</strong></span> <span class='ocrx_word' id='word_1_464' title='bbox 1036 4160 1069 4220; x_wconf 91' lang='lat' dir='ltr'><strong>in</strong></span> <span class='ocrx_word' id='word_1_465' title='bbox 1082 4158 1210 4230; x_wconf 82' lang='lat' dir='ltr'><strong>leuium,</strong></span> <span class='ocrx_word' id='word_1_466' title='bbox 1226 4173 1306 4235; x_wconf 86' lang='lat' dir='ltr'><strong>quas</strong></span> <span class='ocrx_word' id='word_1_467' title='bbox 1318 4157 1524 4233; x_wconf 88' lang='lat' dir='ltr'><strong>nominatim,</strong></span> <span class='ocrx_word' id='word_1_468' title='bbox 1552 4158 1607 4221; x_wconf 92' lang='lat' dir='ltr'><strong>lib.</strong></span> <span class='ocrx_word' id='word_1_469' title='bbox 1631 4177 1652 4224; x_wconf 94' lang='grc' dir='ltr'><strong>ιι</strong></span> <span class='ocrx_word' id='word_1_470' title='bbox 1669 4161 1720 4221; x_wconf 92' lang='lat' dir='ltr'><strong>ln·</strong></span> 
     </span>
     <span class='ocr_line' id='line_1_42' title="bbox 103 4253 1717 4333; baseline -0.001 -14"><span class='ocrx_word' id='word_1_471' title='bbox 103 4260 294 4319; x_wconf 82' lang='lat' dir='ltr'><strong>aeetirarum</strong></span> <span class='ocrx_word' id='word_1_472' title='bbox 311 4272 398 4316; x_wconf 88' lang='lat' dir='ltr'><strong>rrum.</strong></span> <span class='ocrx_word' id='word_1_473' title='bbox 412 4255 463 4326; x_wconf 79' lang='lat' dir='ltr'><strong>ec,</strong></span> <span class='ocrx_word' id='word_1_474' title='bbox 486 4253 529 4315; x_wconf 92' lang='lat' dir='ltr'><strong>uit</strong></span> <span class='ocrx_word' id='word_1_475' title='bbox 544 4253 646 4315; x_wconf 83' lang='lat' dir='ltr'><strong>fuisse</strong></span> <span class='ocrx_word' id='word_1_476' title='bbox 660 4255 716 4314; x_wconf 89' lang='lat' dir='ltr'><strong>abs</strong></span> <span class='ocrx_word' id='word_1_477' title='bbox 728 4253 940 4333; x_wconf 91' lang='lat' dir='ltr'><strong>Hieronymo,</strong></span> <span class='ocrx_word' id='word_1_478' title='bbox 957 4273 1029 4318; x_wconf 90' lang='lat' dir='ltr'><strong>cum</strong></span> <span class='ocrx_word' id='word_1_479' title='bbox 1054 4257 1163 4318; x_wconf 88' lang='lat' dir='ltr'><strong>Latine</strong></span> <span class='ocrx_word' id='word_1_480' title='bbox 1182 4257 1403 4328; x_wconf 84' lang='lat' dir='ltr'><strong>redderentur,</strong></span> <span class='ocrx_word' id='word_1_481' title='bbox 1418 4255 1580 4319; x_wconf 79' lang='lat' dir='ltr'><strong>Catholicc</strong></span> <span class='ocrx_word' id='word_1_482' title='bbox 1592 4259 1717 4333; x_wconf 89' lang='lat' dir='ltr'><strong>sensui,</strong></span> 
     </span>
     <span class='ocr_line' id='line_1_43' title="bbox 103 4350 1718 4434; baseline 0.002 -23"><span class='ocrx_word' id='word_1_483' title='bbox 103 4353 294 4434; x_wconf 87' lang='lat' dir='ltr'><strong>qoibusdum</strong></span> <span class='ocrx_word' id='word_1_484' title='bbox 311 4351 499 4423; x_wconf 88' lang='lat' dir='ltr'><strong>immutatis,</strong></span> <span class='ocrx_word' id='word_1_485' title='bbox 517 4350 782 4413; x_wconf 88' lang='lat' dir='ltr'><strong>accommodatus.</strong></span> <span class='ocrx_word' id='word_1_486' title='bbox 799 4351 842 4412; x_wconf 88' lang='lat' dir='ltr'><strong>De</strong></span> <span class='ocrx_word' id='word_1_487' title='bbox 860 4352 919 4415; x_wconf 90' lang='lat' dir='ltr'><strong>hoc</strong></span> <span class='ocrx_word' id='word_1_488' title='bbox 937 4352 1037 4415; x_wconf 92' lang='lat' dir='ltr'><strong>altero</strong></span> <span class='ocrx_word' id='word_1_489' title='bbox 1052 4351 1236 4416; x_wconf 91' lang='lat' dir='ltr'><strong>testimonio</strong></span> <span class='ocrx_word' id='word_1_490' title='bbox 1252 4367 1326 4412; x_wconf 84' lang='lat' dir='ltr'><strong>mox</strong></span> <span class='ocrx_word' id='word_1_491' title='bbox 1347 4350 1471 4412; x_wconf 82' lang='lat' dir='ltr'><strong>dicum:</strong></span> <span class='ocrx_word' id='word_1_492' title='bbox 1488 4367 1574 4419; x_wconf 89' lang='lat' dir='ltr'><strong>nunc</strong></span> <span class='ocrx_word' id='word_1_493' title='bbox 1591 4354 1630 4413; x_wconf 90' lang='lat' dir='ltr'><strong>ad</strong></span> <span class='ocrx_word' id='word_1_494' title='bbox 1653 4354 1718 4428; x_wconf 91' lang='lat' dir='ltr'><strong>pri·</strong></span> 
     </span>
     <span class='ocr_line' id='line_1_44' title="bbox 106 4445 1745 4528; baseline -0.001 -17"><span class='ocrx_word' id='word_1_495' title='bbox 106 4468 190 4512; x_wconf 90' lang='lat' dir='ltr'><strong>cmm</strong></span> <span class='ocrx_word' id='word_1_496' title='bbox 204 4450 291 4528; x_wconf 92' lang='lat' dir='ltr'><strong>quod</strong></span> <span class='ocrx_word' id='word_1_497' title='bbox 307 4465 347 4509; x_wconf 82' lang='grc' dir='ltr'><strong>ιι</strong></span> <span class='ocrx_word' id='word_1_498' title='bbox 365 4463 490 4509; x_wconf 88' lang='lat' dir='ltr'><strong>summu</strong></span> <span class='ocrx_word' id='word_1_499' title='bbox 509 4447 674 4510; x_wconf 84' lang='lat' dir='ltr'><strong>coniicitur</strong></span> <span class='ocrx_word' id='word_1_500' title='bbox 690 4454 927 4525; x_wconf 81' lang='lat' dir='ltr'><strong>argumentum,</strong></span> <span class='ocrx_word' id='word_1_501' title='bbox 944 4448 1022 4511; x_wconf 88' lang='lat' dir='ltr'><strong>nibil</strong></span> <span class='ocrx_word' id='word_1_502' title='bbox 1038 4448 1230 4512; x_wconf 84' lang='lat' dir='ltr'><strong>boemicum</strong></span> <span class='ocrx_word' id='word_1_503' title='bbox 1247 4445 1398 4519; x_wconf 79' lang='lat' dir='ltr'><strong>cesonio,</strong></span> <span class='ocrx_word' id='word_1_504' title='bbox 1418 4446 1447 4506; x_wconf 90' lang='lat' dir='ltr'><strong>si</strong></span> <span class='ocrx_word' id='word_1_505' title='bbox 1462 4462 1542 4524; x_wconf 82' lang='lat' dir='ltr'><strong>uuus</strong></span> <span class='ocrx_word' id='word_1_506' title='bbox 1554 4451 1719 4526; x_wconf 83' lang='lat' dir='ltr'><strong>sexaginte</strong></span> <span class='ocrx_word' id='word_1_507' title='bbox 1742 4473 1745 4479; x_wconf 94' lang='lat'>·</span> 
     </span>
     <span class='ocr_line' id='line_1_45' title="bbox 104 4540 1718 4624; baseline -0.003 -16"><span class='ocrx_word' id='word_1_508' title='bbox 104 4563 217 4608; x_wconf 82' lang='lat' dir='ltr'><strong>norem</strong></span> <span class='ocrx_word' id='word_1_509' title='bbox 243 4560 314 4606; x_wconf 89' lang='lat' dir='ltr'><strong>osse</strong></span> <span class='ocrx_word' id='word_1_510' title='bbox 330 4543 521 4620; x_wconf 79' lang='lat' dir='ltr'><strong>colligimus,</strong></span> <span class='ocrx_word' id='word_1_511' title='bbox 546 4545 681 4605; x_wconf 83' lang='lat' dir='ltr'><strong>Rutinus</strong></span> <span class='ocrx_word' id='word_1_512' title='bbox 698 4543 817 4606; x_wconf 83' lang='lat' dir='ltr'><strong>dixerit</strong></span> <span class='ocrx_word' id='word_1_513' title='bbox 841 4543 924 4606; x_wconf 90' lang='lat' dir='ltr'><strong>ultre</strong></span> <span class='ocrx_word' id='word_1_514' title='bbox 950 4545 1165 4624; x_wconf 78' lang='lat' dir='ltr'><strong>septuaginta,</strong></span> <span class='ocrx_word' id='word_1_515' title='bbox 1190 4548 1225 4605; x_wconf 89' lang='grc' dir='ltr'><strong>ιιι</strong></span> <span class='ocrx_word' id='word_1_516' title='bbox 1249 4540 1400 4615; x_wconf 92' lang='lat' dir='ltr'><strong>rotundo,</strong></span> <span class='ocrx_word' id='word_1_517' title='bbox 1421 4541 1509 4620; x_wconf 83' lang='lat' dir='ltr'><strong>quod</strong></span> <span class='ocrx_word' id='word_1_518' title='bbox 1531 4542 1600 4604; x_wconf 83' lang='lat' dir='ltr'><strong>fieri</strong></span> <span class='ocrx_word' id='word_1_519' title='bbox 1622 4552 1718 4617; x_wconf 86' lang='lat' dir='ltr'><strong>aurat,</strong></span> 
     </span>
     <span class='ocr_line' id='line_1_46' title="bbox 104 4636 1721 4719; baseline -0.003 -15"><span class='ocrx_word' id='word_1_520' title='bbox 104 4658 238 4704; x_wconf 88' lang='lat' dir='ltr'><strong>numero</strong></span> <span class='ocrx_word' id='word_1_521' title='bbox 261 4648 403 4701; x_wconf 91' lang='lat' dir='ltr'><strong>uteretur</strong></span> <span class='ocrx_word' id='word_1_522' title='bbox 422 4661 430 4700; x_wconf 90' lang='lat'>:</span> <span class='ocrx_word' id='word_1_523' title='bbox 449 4637 594 4701; x_wconf 90' lang='lat' dir='ltr'><strong>nonnihil</strong></span> <span class='ocrx_word' id='word_1_524' title='bbox 614 4640 709 4702; x_wconf 91' lang='lat' dir='ltr'><strong>etium</strong></span> <span class='ocrx_word' id='word_1_525' title='bbox 726 4649 944 4718; x_wconf 85' lang='lat' dir='ltr'><strong>exaggeraret,</strong></span> <span class='ocrx_word' id='word_1_526' title='bbox 960 4658 1024 4719; x_wconf 86' lang='lat' dir='ltr'><strong>quo</strong></span> <span class='ocrx_word' id='word_1_527' title='bbox 1050 4640 1119 4718; x_wconf 92' lang='lat' dir='ltr'><strong>ipse</strong></span> <span class='ocrx_word' id='word_1_528' title='bbox 1133 4637 1348 4701; x_wconf 80' lang='lat' dir='ltr'><strong>excrrsubilior</strong></span> <span class='ocrx_word' id='word_1_529' title='bbox 1365 4636 1529 4698; x_wconf 85' lang='lat' dir='ltr'><strong>videretur</strong></span> <span class='ocrx_word' id='word_1_530' title='bbox 1553 4637 1587 4698; x_wconf 93' lang='lat' dir='ltr'><strong>in</strong></span> <span class='ocrx_word' id='word_1_531' title='bbox 1608 4640 1721 4716; x_wconf 81' lang='lat' dir='ltr'><strong>Orige-</strong></span> 
     </span>
     <span class='ocr_line' id='line_1_47' title="bbox 104 4731 1717 4816; baseline -0.003 -18"><span class='ocrx_word' id='word_1_532' title='bbox 104 4738 185 4798; x_wconf 89' lang='lat' dir='ltr'><strong>nicis</strong></span> <span class='ocrx_word' id='word_1_533' title='bbox 206 4736 298 4795; x_wconf 88' lang='lat' dir='ltr'><strong>libris</strong></span> <span class='ocrx_word' id='word_1_534' title='bbox 313 4735 422 4795; x_wconf 83' lang='lat' dir='ltr'><strong>Latine</strong></span> <span class='ocrx_word' id='word_1_535' title='bbox 439 4734 705 4810; x_wconf 87' lang='lat' dir='ltr'><strong>interpretandis,</strong></span> <span class='ocrx_word' id='word_1_536' title='bbox 734 4735 763 4797; x_wconf 88' lang='lat' dir='ltr'><strong>si</strong></span> <span class='ocrx_word' id='word_1_537' title='bbox 780 4734 850 4813; x_wconf 90' lang='lat' dir='ltr'><strong>plus</strong></span> <span class='ocrx_word' id='word_1_538' title='bbox 868 4735 999 4816; x_wconf 86' lang='lat' dir='ltr'><strong>jactaret</strong></span> <span class='ocrx_word' id='word_1_539' title='bbox 1021 4735 1239 4798; x_wconf 89' lang='lat' dir='ltr'><strong>adversarium</strong></span> <span class='ocrx_word' id='word_1_540' title='bbox 1252 4734 1285 4793; x_wconf 93' lang='lat' dir='ltr'><strong>in</strong></span> <span class='ocrx_word' id='word_1_541' title='bbox 1305 4732 1415 4795; x_wconf 92' lang='lat' dir='ltr'><strong>eudem</strong></span> <span class='ocrx_word' id='word_1_542' title='bbox 1431 4731 1575 4809; x_wconf 80' lang='lat' dir='ltr'><strong>puloestru</strong></span> <span class='ocrx_word' id='word_1_543' title='bbox 1595 4734 1717 4795; x_wconf 84' lang='lat' dir='ltr'><strong>exerci-</strong></span> 
     </span>
     <span class='ocr_line' id='line_1_48' title="bbox 104 4828 1716 4912; baseline -0.005 -17"><span class='ocrx_word' id='word_1_544' title='bbox 104 4844 181 4895; x_wconf 89' lang='lat' dir='ltr'><strong>tum.</strong></span> <span class='ocrx_word' id='word_1_545' title='bbox 200 4830 307 4893; x_wconf 86' lang='lat' dir='ltr'><strong>Potuit</strong></span> <span class='ocrx_word' id='word_1_546' title='bbox 322 4833 364 4908; x_wconf 86' lang='lat' dir='ltr'><strong>(a)</strong></span> <span class='ocrx_word' id='word_1_547' title='bbox 380 4838 413 4911; x_wconf 22' lang='lat' dir='ltr'><strong>et·</strong></span> <span class='ocrx_word' id='word_1_548' title='bbox 427 4828 587 4891; x_wconf 84' lang='lat' dir='ltr'><strong>invidiosa</strong></span> <span class='ocrx_word' id='word_1_549' title='bbox 602 4829 768 4907; x_wconf 88' lang='lat' dir='ltr'><strong>diligentie</strong></span> <span class='ocrx_word' id='word_1_550' title='bbox 785 4829 924 4908; x_wconf 85' lang='lat' dir='ltr'><strong>objicere</strong></span> <span class='ocrx_word' id='word_1_551' title='bbox 940 4849 1013 4910; x_wconf 81' lang='lat' dir='ltr'><strong>qum</strong></span> <span class='ocrx_word' id='word_1_552' title='bbox 1029 4836 1442 4912; x_wconf 76' lang='lat' dir='ltr'><strong>occurrrunttrroraarperre</strong></span> <span class='ocrx_word' id='word_1_553' title='bbox 1456 4829 1583 4905; x_wconf 86' lang='lat' dir='ltr'><strong>scriptis</strong></span> <span class='ocrx_word' id='word_1_554' title='bbox 1601 4829 1716 4889; x_wconf 87' lang='lat' dir='ltr'><strong>Hiero-</strong></span> 
     </span>
     <span class='ocr_line' id='line_1_49' title="bbox 104 4924 1717 5008; baseline -0.002 -18"><span class='ocrx_word' id='word_1_555' title='bbox 104 4927 264 5006; x_wconf 88' lang='lat' dir='ltr'><strong>nymianis</strong></span> <span class='ocrx_word' id='word_1_556' title='bbox 278 4944 318 4988; x_wconf 95' lang='grc' dir='ltr'><strong>ιι</strong></span> <span class='ocrx_word' id='word_1_557' title='bbox 333 4926 519 4988; x_wconf 81' lang='grc' dir='ltr'><strong>Αιιιιιιιιιιιο</strong></span> <span class='ocrx_word' id='word_1_558' title='bbox 536 4924 717 4986; x_wconf 81' lang='lat' dir='ltr'><strong>intermixta</strong></span> <span class='ocrx_word' id='word_1_559' title='bbox 732 4942 740 4987; x_wconf 77' lang='grc' dir='ltr'><strong><em>ε</em></strong></span> <span class='ocrx_word' id='word_1_560' title='bbox 753 4925 882 5006; x_wconf 84' lang='lat' dir='ltr'><strong>quiduis</strong></span> <span class='ocrx_word' id='word_1_561' title='bbox 900 4930 1027 4990; x_wconf 92' lang='lat' dir='ltr'><strong>tandem</strong></span> <span class='ocrx_word' id='word_1_562' title='bbox 1050 4929 1137 4990; x_wconf 92' lang='lat' dir='ltr'><strong>uliud</strong></span> <span class='ocrx_word' id='word_1_563' title='bbox 1153 4946 1192 4992; x_wconf 91' lang='grc' dir='ltr'><strong>ιο</strong></span> <span class='ocrx_word' id='word_1_564' title='bbox 1219 4929 1378 5008; x_wconf 83' lang='lat' dir='ltr'><strong>explendo</strong></span> <span class='ocrx_word' id='word_1_565' title='bbox 1404 4940 1549 4995; x_wconf 89' lang='lat' dir='ltr'><strong>numero,</strong></span> <span class='ocrx_word' id='word_1_566' title='bbox 1582 4933 1617 4985; x_wconf 93' lang='lat' dir='ltr'><strong>ut</strong></span> <span class='ocrx_word' id='word_1_567' title='bbox 1643 4941 1717 4986; x_wconf 86' lang='lat' dir='ltr'><strong>uere</strong></span> 
     </span>
     <span class='ocr_line' id='line_1_50' title="bbox 103 5020 1712 5105; baseline -0.002 -21"><span class='ocrx_word' id='word_1_568' title='bbox 103 5027 217 5085; x_wconf 81' lang='lat' dir='ltr'><strong>dixerit</strong></span> <span class='ocrx_word' id='word_1_569' title='bbox 231 5024 399 5104; x_wconf 85' lang='lat' dir='ltr'><strong>presbyter</strong></span> <span class='ocrx_word' id='word_1_570' title='bbox 415 5024 651 5104; x_wconf 78' lang='lat' dir='ltr'><strong>Aquileiensis,</strong></span> <span class='ocrx_word' id='word_1_571' title='bbox 664 5022 757 5086; x_wconf 88' lang='lat' dir='ltr'><strong>liceat</strong></span> <span class='ocrx_word' id='word_1_572' title='bbox 781 5026 976 5105; x_wconf 80' lang='lat' dir='ltr'><strong>excogitare,</strong></span> <span class='ocrx_word' id='word_1_573' title='bbox 997 5040 1094 5104; x_wconf 82' lang='lat' dir='ltr'><strong>quum</strong></span> <span class='ocrx_word' id='word_1_574' title='bbox 1108 5025 1196 5104; x_wconf 85' lang='lat' dir='ltr'><strong>quod</strong></span> <span class='ocrx_word' id='word_1_575' title='bbox 1222 5025 1348 5095; x_wconf 84' lang='lat' dir='ltr'><strong>solunt,</strong></span> <span class='ocrx_word' id='word_1_576' title='bbox 1365 5021 1519 5085; x_wconf 88' lang='lat' dir='ltr'><strong>Homitius</strong></span> <span class='ocrx_word' id='word_1_577' title='bbox 1533 5020 1566 5082; x_wconf 92' lang='lat' dir='ltr'><strong>in</strong></span> <span class='ocrx_word' id='word_1_578' title='bbox 1584 5021 1712 5096; x_wconf 87' lang='lat' dir='ltr'><strong>isaiam,</strong></span> 
     </span>
     <span class='ocr_line' id='line_1_51' title="bbox 103 5115 1716 5201; baseline -0.004 -20"><span class='ocrx_word' id='word_1_579' title='bbox 103 5138 175 5198; x_wconf 79' lang='lat' dir='ltr'><strong>oure</strong></span> <span class='ocrx_word' id='word_1_580' title='bbox 186 5122 282 5182; x_wconf 79' lang='lat' dir='ltr'><strong>nullm</strong></span> <span class='ocrx_word' id='word_1_581' title='bbox 303 5127 391 5192; x_wconf 89' lang='lat' dir='ltr'><strong>sunt,</strong></span> <span class='ocrx_word' id='word_1_582' title='bbox 407 5119 691 5200; x_wconf 87' lang='lat' dir='ltr'><strong>comprehendisse</strong></span> <span class='ocrx_word' id='word_1_583' title='bbox 707 5140 716 5180; x_wconf 84' lang='lat' dir='ltr'><strong>s</strong></span> <span class='ocrx_word' id='word_1_584' title='bbox 731 5126 763 5182; x_wconf 87' lang='lat' dir='ltr'><strong>el</strong></span> <span class='ocrx_word' id='word_1_585' title='bbox 778 5137 859 5200; x_wconf 91' lang='lat' dir='ltr'><strong>quas</strong></span> <span class='ocrx_word' id='word_1_586' title='bbox 878 5122 936 5201; x_wconf 80' lang='lat' dir='ltr'><strong>(sie</strong></span> <span class='ocrx_word' id='word_1_587' title='bbox 951 5121 1078 5200; x_wconf 87' lang='lat' dir='ltr'><strong>opinor)</strong></span> <span class='ocrx_word' id='word_1_588' title='bbox 1087 5122 1114 5182; x_wconf 89' lang='lat' dir='ltr'><strong>si</strong></span> <span class='ocrx_word' id='word_1_589' title='bbox 1135 5128 1247 5200; x_wconf 75' lang='lat' dir='ltr'><strong>preter</strong></span> <span class='ocrx_word' id='word_1_590' title='bbox 1262 5119 1428 5198; x_wconf 87' lang='lat' dir='ltr'><strong>sexaginta</strong></span> <span class='ocrx_word' id='word_1_591' title='bbox 1444 5132 1560 5179; x_wconf 85' lang='lat' dir='ltr'><strong>novem</strong></span> <span class='ocrx_word' id='word_1_592' title='bbox 1573 5115 1716 5178; x_wconf 90' lang='lat' dir='ltr'><strong>laudatas</strong></span> 
     </span>
     <span class='ocr_line' id='line_1_52' title="bbox 104 5212 1718 5316; baseline -0.004 -40"><span class='ocrx_word' id='word_1_593' title='bbox 104 5219 258 5289; x_wconf 87' lang='lat' dir='ltr'><strong>novisset,</strong></span> <span class='ocrx_word' id='word_1_594' title='bbox 272 5217 337 5297; x_wconf 90' lang='lat' dir='ltr'><strong>jam</strong></span> <span class='ocrx_word' id='word_1_595' title='bbox 354 5233 416 5278; x_wconf 89' lang='lat' dir='ltr'><strong>non</strong></span> <span class='ocrx_word' id='word_1_596' title='bbox 428 5217 643 5294; x_wconf 87' lang='lat' dir='ltr'><strong>septuaginta,</strong></span> <span class='ocrx_word' id='word_1_597' title='bbox 658 5218 712 5278; x_wconf 91' lang='lat' dir='ltr'><strong>sed</strong></span> <span class='ocrx_word' id='word_1_598' title='bbox 731 5216 814 5279; x_wconf 88' lang='lat' dir='ltr'><strong>ultra</strong></span> <span class='ocrx_word' id='word_1_599' title='bbox 829 5218 990 5297; x_wconf 88' lang='lat' dir='ltr'><strong>octoginta</strong></span> <span class='ocrx_word' id='word_1_600' title='bbox 1007 5216 1136 5296; x_wconf 88' lang='lat' dir='ltr'><strong>obliqua</strong></span> <span class='ocrx_word' id='word_1_601' title='bbox 1160 5217 1218 5280; x_wconf 92' lang='lat' dir='ltr'><strong>illu</strong></span> <span class='ocrx_word' id='word_1_602' title='bbox 1233 5216 1403 5280; x_wconf 84' lang='lat' dir='ltr'><strong>sedulitate</strong></span> <span class='ocrx_word' id='word_1_603' title='bbox 1426 5213 1596 5275; x_wconf 89' lang='lat' dir='ltr'><strong>laudasset.</strong></span> <span class='ocrx_word' id='word_1_604' title='bbox 1614 5212 1718 5316; x_wconf 73' lang='lat' dir='ltr'><strong>Testi-</strong></span> 
     </span>
     <span class='ocr_line' id='line_1_53' title="bbox 103 5305 1716 5393; baseline -0.004 -22"><span class='ocrx_word' id='word_1_605' title='bbox 103 5314 248 5372; x_wconf 89' lang='lat' dir='ltr'><strong>monium</strong></span> <span class='ocrx_word' id='word_1_606' title='bbox 285 5330 377 5390; x_wconf 91' lang='lat' dir='ltr'><strong>porro</strong></span> <span class='ocrx_word' id='word_1_607' title='bbox 400 5312 480 5372; x_wconf 87' lang='lat' dir='ltr'><strong>illud</strong></span> <span class='ocrx_word' id='word_1_608' title='bbox 509 5327 547 5370; x_wconf 84' lang='lat' dir='ltr'><strong>ex</strong></span> <span class='ocrx_word' id='word_1_609' title='bbox 563 5312 706 5373; x_wconf 89' lang='lat' dir='ltr'><strong>secundo</strong></span> <span class='ocrx_word' id='word_1_610' title='bbox 722 5312 954 5376; x_wconf 80' lang='lat' dir='ltr'><strong>invectivarum</strong></span> <span class='ocrx_word' id='word_1_611' title='bbox 970 5328 1060 5374; x_wconf 86' lang='lat' dir='ltr'><strong>num.</strong></span> <span class='ocrx_word' id='word_1_612' title='bbox 1088 5314 1144 5388; x_wconf 75' lang='lat'><strong>26,</strong></span> <span class='ocrx_word' id='word_1_613' title='bbox 1168 5327 1349 5393; x_wconf 85' lang='lat' dir='ltr'><strong>quarrquum</strong></span> <span class='ocrx_word' id='word_1_614' title='bbox 1370 5307 1449 5370; x_wconf 90' lang='lat' dir='ltr'><strong>ulios</strong></span> <span class='ocrx_word' id='word_1_615' title='bbox 1483 5305 1585 5369; x_wconf 93' lang='lat' dir='ltr'><strong>multo</strong></span> <span class='ocrx_word' id='word_1_616' title='bbox 1615 5321 1716 5383; x_wconf 81' lang='lat' dir='ltr'><strong>magis</strong></span> 
     </span>
     <span class='ocr_line' id='line_1_54' title="bbox 102 5403 1718 5488; baseline -0.002 -21"><span class='ocrx_word' id='word_1_617' title='bbox 102 5407 264 5483; x_wconf 86' lang='lat' dir='ltr'><strong>sollicitet,</strong></span> <span class='ocrx_word' id='word_1_618' title='bbox 290 5426 353 5471; x_wconf 92' lang='lat' dir='ltr'><strong>non</strong></span> <span class='ocrx_word' id='word_1_619' title='bbox 372 5406 556 5471; x_wconf 86' lang='lat' dir='ltr'><strong>dissimulo.</strong></span> <span class='ocrx_word' id='word_1_620' title='bbox 570 5407 708 5486; x_wconf 82' lang='lat' dir='ltr'><strong>opponit</strong></span> <span class='ocrx_word' id='word_1_621' title='bbox 723 5409 920 5488; x_wconf 88' lang='lat' dir='ltr'><strong>Hieronymo</strong></span> <span class='ocrx_word' id='word_1_622' title='bbox 938 5409 1086 5482; x_wconf 79' lang='lat' dir='ltr'><strong>Rufinus,</strong></span> <span class='ocrx_word' id='word_1_623' title='bbox 1102 5408 1187 5488; x_wconf 87' lang='lat' dir='ltr'><strong>quod</strong></span> <span class='ocrx_word' id='word_1_624' title='bbox 1200 5412 1297 5472; x_wconf 89' lang='lat' dir='ltr'><strong>multa</strong></span> <span class='ocrx_word' id='word_1_625' title='bbox 1312 5425 1352 5471; x_wconf 85' lang='lat' dir='ltr'><strong>ex</strong></span> <span class='ocrx_word' id='word_1_626' title='bbox 1364 5403 1515 5485; x_wconf 88' lang='lat' dir='ltr'><strong>Origenis</strong></span> <span class='ocrx_word' id='word_1_627' title='bbox 1530 5404 1632 5476; x_wconf 89' lang='lat' dir='ltr'><strong>libris,</strong></span> <span class='ocrx_word' id='word_1_628' title='bbox 1645 5415 1718 5481; x_wconf 77' lang='lat' dir='ltr'><strong>quo</strong></span> 
     </span>
    </p>
   </div>
   <div class='ocr_carea' id='block_1_7' title="bbox 104 5648 1718 5776">
    <p class='ocr_par' dir='ltr' id='par_1_7' title="bbox 104 5648 1718 5776">
     <span class='ocr_line' id='line_1_55' title="bbox 135 5648 1718 5715; baseline -0.004 -14"><span class='ocrx_word' id='word_1_629' title='bbox 135 5651 172 5714; x_wconf 80' lang='lat' dir='ltr'><strong>tol</strong></span> <span class='ocrx_word' id='word_1_630' title='bbox 188 5652 270 5701; x_wconf 83' lang='lat' dir='ltr'><strong>Potuit</strong></span> <span class='ocrx_word' id='word_1_631' title='bbox 283 5658 311 5701; x_wconf 89' lang='lat' dir='ltr'><strong>et</strong></span> <span class='ocrx_word' id='word_1_632' title='bbox 321 5650 451 5701; x_wconf 73' lang='lat' dir='ltr'><strong>tractatus</strong></span> <span class='ocrx_word' id='word_1_633' title='bbox 466 5649 553 5700; x_wconf 86' lang='lat' dir='ltr'><strong>decem</strong></span> <span class='ocrx_word' id='word_1_634' title='bbox 567 5648 591 5698; x_wconf 94' lang='lat' dir='ltr'><strong>io</strong></span> <span class='ocrx_word' id='word_1_635' title='bbox 610 5651 729 5714; x_wconf 84' lang='lat' dir='ltr'><strong>Paelmos,</strong></span> <span class='ocrx_word' id='word_1_636' title='bbox 739 5653 840 5715; x_wconf 81' lang='lat' dir='ltr'><strong>qrruseb</strong></span> <span class='ocrx_word' id='word_1_637' title='bbox 860 5652 975 5714; x_wconf 83' lang='lat' dir='ltr'><strong>origenis</strong></span> <span class='ocrx_word' id='word_1_638' title='bbox 999 5648 1085 5703; x_wconf 75' lang='lat' dir='ltr'><strong>Graec</strong></span> <span class='ocrx_word' id='word_1_639' title='bbox 1094 5649 1225 5700; x_wconf 84' lang='lat' dir='ltr'><strong>translatos</strong></span> <span class='ocrx_word' id='word_1_640' title='bbox 1241 5653 1265 5700; x_wconf 86' lang='lat' dir='ltr'><strong>io</strong></span> <span class='ocrx_word' id='word_1_641' title='bbox 1284 5649 1396 5700; x_wconf 81' lang='lat' dir='ltr'><strong>latinum</strong></span> <span class='ocrx_word' id='word_1_642' title='bbox 1411 5649 1486 5701; x_wconf 83' lang='lat' dir='ltr'><strong>luisse</strong></span> <span class='ocrx_word' id='word_1_643' title='bbox 1499 5649 1543 5699; x_wconf 86' lang='lat' dir='ltr'><strong>sbs</strong></span> <span class='ocrx_word' id='word_1_644' title='bbox 1566 5648 1718 5709; x_wconf 81' lang='lat' dir='ltr'><strong>ttiemoymn</strong></span> 
     </span>
     <span class='ocr_line' id='line_1_56' title="bbox 104 5711 662 5776; baseline 0.002 -13"><span class='ocrx_word' id='word_1_645' title='bbox 104 5712 205 5776; x_wconf 86' lang='lat' dir='ltr'><strong>propius</strong></span> <span class='ocrx_word' id='word_1_646' title='bbox 216 5714 246 5762; x_wconf 87' lang='lat' dir='ltr'><strong>ad</strong></span> <span class='ocrx_word' id='word_1_647' title='bbox 263 5714 335 5762; x_wconf 86' lang='lat' dir='ltr'><strong>tidem</strong></span> <span class='ocrx_word' id='word_1_648' title='bbox 348 5718 395 5771; x_wconf 87' lang='lat' dir='ltr'><strong>est,</strong></span> <span class='ocrx_word' id='word_1_649' title='bbox 406 5711 438 5761; x_wconf 90' lang='lat' dir='ltr'><strong>ob</strong></span> <span class='ocrx_word' id='word_1_650' title='bbox 450 5715 535 5761; x_wconf 89' lang='lat' dir='ltr'><strong>oculos</strong></span> <span class='ocrx_word' id='word_1_651' title='bbox 546 5711 662 5764; x_wconf 84' lang='lat' dir='ltr'><strong>habuisse</strong></span> 
     </span>
    </p>
   </div>
   <div class='ocr_carea' id='block_1_8' title="bbox 0 0 1898 6120">
    <p class='ocr_par' dir='ltr' id='par_1_8' title="bbox 0 0 1898 6120">
     <span class='ocr_line' id='line_1_57' title="bbox 0 0 1898 6120; baseline 0 0"><span class='ocrx_word' id='word_1_652' title='bbox 0 0 1898 6120; x_wconf 95' lang='lat' dir='ltr'><strong> </strong></span> 
     </span>
    </p>
   </div>
  </div>
 </body>
</html>
