3788 6120
144 311 198 376 ειε
359 303 605 381 ‘sarmaria
623 315 880 381 rtorrturrnuu
900 316 1088 380 ourouuts
1107 318 1147 379 ru
1168 320 1344 380 viscosus
1363 322 1483 386 istus.
1693 324 1746 386 ειε

145 435 320 502 contereret,
334 437 374 504 pti
383 451 393 503 ,·
407 448 433 490 et
448 435 626 506 lacicustpuod
637 436 743 506 jussum
756 444 808 501 εει,
820 435 920 504 potitur
933 439 954 495 A
970 436 1015 490 tiae
1037 443 1064 490 et
1089 436 1212 506 pictatis,
1237 440 1349 507 spiritus
1367 440 1472 495 timoris
1488 441 1601 497 bomini.
1631 444 1683 501 Ιειι
1700 463 1745 503 sa.

144 541 268 581 sttrurone
279 527 325 594 qui
340 527 472 595 sequitur,
487 527 581 580 bonum
594 537 632 581 est
646 527 724 580 eninr.
739 524 807 601 Quia
820 527 919 585 tronum
970 524 1068 592 pientia
1097 524 1196 589 patitur
1217 527 1391 596 opprobrium
1408 543 1423 581 a
1440 530 1531 584 multis
1545 532 1683 601 sapientiis
1699 537 1743 590 in·

144 624 187 670 εει
207 615 345 679 boemcl,
363 615 479 684 quodin
503 613 649 684 scripturis
671 615 813 669 invenitur.
842 613 918 680 Quod
969 612 1141 684 surgentibus
1167 613 1193 667 in
1216 630 1255 670 sc.
1288 614 1342 671 iste
1358 631 1439 672 uerus
1463 619 1613 677 intellectus
1630 625 1745 680 sustinet

144 707 367 761 antemuranum
389 706 607 776 vaticanam
627 707 844 774 istiusmodjesc,
871 705 920 762 Est
969 696 1142 766 opprobrium
1165 701 1199 755 ab
1214 702 1394 758 intellectibus
1410 704 1496 761 lalcis.
1528 708 1742 780 lstudmaguuru

143 797 284 865 (ψεύδῃ,
306 807 336 851 „p
351 798 387 855 pa
404 797 510 863 picam,
529 797 587 866 ,prs
608 812 689 867 super
706 812 770 871 apes
787 805 834 850 :ep
849 811 918 865 quo.
968 789 1109 845 consilium
1121 793 1303 861 opprobratur
1316 809 1331 848 a
1345 797 1569 854 multiscousiliis
1582 815 1637 854 nou
1652 801 1743 856 bonis.

145 889 226 946 modo
243 888 313 942 ime,-
330 905 394 959 2905
405 905 451 944 mx
463 889 572 957 quidam
583 897 622 942 051
635 889 680 958 qut
695 889 848 946 „ominatur
859 900 919 941 esse
967 878 1020 938 tsta
1031 880 1118 936 uirtus
1131 884 1301 939 maledicitur
1314 888 1469 956 carradam,
1485 905 1546 958 quar
1565 907 1627 945 cum
1640 907 1694 947 nou
1708 894 1742 947 sit

144 977 380 1047 rcr,sicpriuceps
434 992 515 1048 aputu
564 974 917 1031 DominusestlcsusClrri-
967 970 1064 1036 uirtus,
1082 974 1243 1042 repromittit
1266 991 1295 1031 se
1320 991 1380 1033 esse
1395 979 1532 1034 virtutem.
1565 980 1742 1038 lstaseicntia

143 1079 211 1130 stus.
228 1068 261 1120 ad
275 1083 355 1136 quem
368 1068 447 1121 mittit
463 1084 504 1121 me
521 1067 636 1136 Spiritus
653 1076 762 1121 sauctus
778 1075 809 1120 ut
828 1080 917 1121 come·
966 1062 1069 1131 patitur
1083 1065 1256 1133 opprobrium
1271 1081 1286 1121 a
1300 1069 1416 1137 quadam
1439 1069 1499 1124 lalsi
1522 1073 1640 1127 oomnis
1655 1074 1741 1127 scieu-

142 1160 203 1213 dam
220 1159 288 1222 mel,
301 1159 402 1211 bonum
416 1168 456 1212 cst
469 1160 540 1212 cuim
555 1200 563 1225 ,
580 1167 606 1212 ct
623 1157 699 1212 larus
711 1158 768 1226 cjrre
786 1166 814 1210 ut
827 1156 917 1212 indul·
966 1151 1003 1206 tia
1016 1165 1115 1207 nomen
1129 1168 1208 1208 suum
1228 1155 1404 1225 subripiente·
1426 1159 1480 1212 lsta
1497 1159 1583 1228 pietas
1594 1164 1742 1230 exprobra-

141 1260 236 1306 ccutnr
251 1250 343 1304 lauces
359 1264 434 1302 mcor.
458 1248 489 1302 Et
503 1248 572 1301 ior-te
587 1247 742 1303 subtiliores
756 1247 850 1302 littcrae
862 1245 918 1301 lari
966 1248 1009 1294 tur
1036 1240 1070 1296 ab
1080 1257 1122 1308 ea,
1138 1257 1271 1310 quaecum
1287 1260 1317 1299 aa
1332 1246 1404 1301 dicat
1418 1263 1477 1304 essa
1492 1250 1628 1319 pietatem,
1646 1253 1742 1323 impie·

141 1348 237 1403 crunt,
254 1339 307 1392 met
323 1353 386 1391 vcro
400 1347 441 1392 cst
461 1337 506 1406 qui
521 1340 548 1391 in
564 1338 604 1390 tris
619 1345 660 1391 cst
675 1337 835 1392 intellectus.
865 1334 917 1391 lsta
966 1340 1007 1387 tas
1022 1341 1072 1399 cst,
1086 1340 1113 1387 et
1125 1333 1223 1404 impius
1235 1335 1353 1391 instruit.
1374 1335 1427 1392 istc
1440 1340 1521 1394 timor
1532 1343 1633 1411 patitur
1643 1358 1742 1412 oppro-

141 1444 221 1498 porro
233 1428 279 1497 qni
295 1439 336 1483 cst
352 1437 430 1481 natus
442 1443 475 1480 cx
491 1429 592 1495 uirgine
603 1426 778 1492 Eurorauuel,
790 1427 916 1497 butyrum
965 1423 1054 1478 brium
1078 1424 1112 1478 ab
1133 1438 1166 1479 co
1183 1425 1229 1495 qui
1245 1433 1355 1494 putatur
1368 1441 1428 1482 esse
1451 1430 1542 1485 timor.
1578 1431 1652 1486 liultl
1667 1434 1740 1488 caim

140 1529 166 1572 ct
180 1518 233 1571 utel
250 1518 404 1581 manducat,
421 1526 448 1571 et
469 1517 564 1585 errauit
577 1517 610 1571 ab
621 1531 781 1586 unoquoque
792 1524 914 1570 nostrum
965 1513 1125 1582 pollicentur
1141 1513 1262 1568 divinum
1279 1523 1393 1579 metum,
1419 1518 1465 1571 sed
1485 1533 1539 1573 uon
1554 1535 1616 1575 cum
1630 1521 1741 1576 scientia

140 1606 266 1676 butyrum
285 1606 458 1661 nrurrdueare.
479 1606 619 1673 Quomodo
634 1620 649 1658 a
663 1605 775 1675 siugulis
793 1615 916 1661 nostrum
964 1613 1097 1659 metuunt.
1124 1604 1267 1683 Quomodo
1279 1620 1344 1676 ergo
1358 1607 1416 1661 istce
1427 1617 1528 1678 septem
1544 1611 1685 1679 patiuntur
1697 1626 1742 1682 op

140 1698 265 1767 butyrum
280 1697 375 1766 quaerit
387 1706 414 1751 ct
425 1697 487 1765 mel,
506 1711 595 1751 sermo
608 1696 738 1751 edocebit.
764 1696 851 1769 Opera
864 1712 915 1750 no·
964 1694 1105 1763 probrium
1136 1695 1348 1752 consideremus.
1379 1694 1447 1752 tine
1468 1700 1627 1768 sapientiam
1649 1703 1740 1756 sarculi
1807 1749 1809 1753 ,

138 1795 194 1842 stra
215 1786 322 1851 dulcia,
339 1801 480 1845 sermones
501 1786 589 1848 nostri
601 1786 761 1842 suavissimi
777 1796 803 1841 ει
821 1788 911 1857 utiles,
928 1761 1064 1853 Brutos,
1090 1784 1150 1839 tide
1172 1784 1332 1861 §apientiam
1354 1787 1505 1858 principum
1527 1791 1621 1849 ntuudi
1648 1792 1739 1861 buius,

139 1878 217 1935 mella
227 1886 291 1932 sunt
302 1893 363 1951 que
374 1878 517 1936 uraruiucat
531 1877 707 1943 domimini,
725 1893 785 1946 quc
797 1879 912 1947 mnndu-
961 1873 1097 1943 quomodo
1106 1876 1270 1944 exprobrant
1279 1874 1440 1945 sapientiam
1450 1877 1551 1933 Christi
1564 1882 1629 1944 mci,
1638 1889 1665 1935 ει
1673 1897 1740 1951 quu-

137 1978 181 2023 cat
195 1967 245 2022 isto
260 1969 307 2037 qut
323 1974 403 2022 natus
416 1977 458 2021 εει
468 1968 501 2021 ue
514 1967 628 2038 virgine.
650 1965 678 2021 si
697 1983 760 2022 roro
773 1982 912 2024 sermones
962 1956 1042 2019 modo
1056 1965 1221 2040 exprobrant
1243 1969 1403 2039 sapientiam
1417 1968 1550 2025 ludaismi
1566 1971 1639 2034 vert,
1663 1973 1739 2042 iuxta

137 2058 224 2118 nostri
238 2057 418 2122 amaritudine
432 2057 503 2126 plcui
516 2065 589 2123 suut,
604 2056 655 2122 ira,
666 2056 846 2121 animositate,
857 2072 912 2112 nro
961 2067 1041 2120 quem
1055 2069 1105 2110 nos
1121 2055 1341 2112 circumcidimur
1357 2058 1526 2128 spiritaliter·
1540 2059 1585 2113 isli
1598 2075 1661 2115 lew
1675 2076 1741 2131 prte-

137 2149 225 2212 tcstia,
251 2132 434 2219 turpiloquio,
447 2146 531 2213 uitiis,
556 2147 735 2213 contentione,
754 2147 827 2201 dcdit
837 2148 865 2201 in
879 2164 911 2204 os
961 2143 1098 2198 ciduutur.
1118 2143 1239 2217 intellige
1253 2147 1344 2217 itaque
1355 2150 1492 2217 quomodo
1506 2151 1635 2221 sapientia
1650 2153 1739 2208 sacculi

137 2259 226 2299 meum
249 2242 293 2310 lcl,
310 2255 337 2302 ct
348 2257 404 2303 pon
421 2243 539 2299 comedit
554 2244 588 2296 ab
602 2242 644 2297 his
664 2243 834 2298 sermonibus
849 2241 910 2295 sal.
961 2231 1043 2302 hujus
1067 2242 1093 2289 ct
1108 2235 1260 2306 principum
1281 2236 1374 2292 muudi
1400 2239 1499 2307 istius,
1516 2240 1680 2296 maledicunt
1693 2256 1738 2307 sa-

137 2342 225 2391 nator.
244 2333 375 2388 comedet
388 2340 477 2387 autem
493 2330 616 2387 Salvator
632 2331 665 2386 dc
681 2331 849 2385 sermonibus
864 2330 910 2400 qui
960 2322 1081 2390 pienum
1095 2332 1122 2379 ct
1134 2325 1168 2378 ob
1182 2325 1234 2381 lroe
1245 2327 1374 2397 quaeritor
1386 2328 1468 2383 bomo
1481 2330 1528 2400 qui
1544 2347 1606 2384 cum
1624 2333 1682 2387 istis
1696 2348 1740 2388 εε-

136 2433 201 2478 auut
224 2423 295 2492 apud
319 2422 461 2488 boruiues,
486 2421 510 2478 si
533 2419 632 2475 luerint
652 2435 790 2476 sermones
814 2435 910 2475 corum
961 2421 1033 2482 piem
1058 2413 1226 2487 spiritalibus
1246 2416 1321 2471 reiut
1340 2417 1499 2475 mulieribus
1520 2421 1573 2482 rit,
1593 2421 1739 2479 utaulerat

136 2513 198 2569 mci.
228 2512 415 2583 Approbemus
436 2513 488 2566 boc
506 2511 539 2568 da
561 2510 707 2579 Scripturis
722 2527 730 2565 ε
747 2509 813 2563 Ecce
824 2521 865 2563 rto
875 2511 909 2562 ad
959 2516 1052 2557 earum
1066 2506 1253 2574 opprobrium.
1270 2505 1383 2577 Proprie
1396 2525 1468 2566 uuus
1480 2516 1523 2567 εει
1537 2512 1618 2569 boum
1632 2515 1678 2586 qul
1690 2529 1737 2570 uu·

135 2606 241 2668 ortium,
253 2614 277 2658 ct
290 2605 375 2672 pulso.
396 2601 426 2657 Si
440 2603 498 2673 puis
516 2602 646 2671 operuerit
659 2601 722 2654 miii
736 2600 851 2665 ostium,
867 2602 909 2654 iu·
960 2589 1030 2647 ierat
1045 2607 1140 2650 etrum
1151 2595 1338 2666 opprobrium.
1364 2600 1432 2668 Quis
1443 2609 1485 2656 εει
1501 2601 1552 2657 ἱειε
1568 2598 1670 2659 boniol
1691 2603 1737 2660 lc-

135 2697 241 2766 9redior
254 2693 288 2746 ad
298 2708 368 2755 eum,
382 2701 405 2746 et
419 2689 523 2746 coenabo
538 2706 596 2745 caro
608 2689 655 2744 illo
668 2701 693 2743 et
704 2689 748 2743 iile
764 2705 865 2744 mecum
874 2690 908 2743 ⁸¹.
960 2697 1007 2738 sua
1020 2682 1067 2752 qui
1088 2685 1171 2739 exirit
1183 2685 1263 2756 juxta
1277 2702 1388 2745 camera
1402 2690 1437 2745 de
1455 2691 1545 2747 radice
1559 2690 1635 2747 desse
1652 2693 1736 2762 fomur

135 2784 217 2855 igitur
231 2783 289 2852 ipse
303 2782 444 2853 pollicetur
458 2795 532 2836 seer
556 2779 656 2836 uostris
672 2789 842 2839 coerraturnnt
857 2794 909 2835 no·
958 2773 1101 2827 ‘vellit‘
1117 2772 1202 2828 David
1224 2777 1366 2831 “undum
1387 2795 1512 2843 aarum,
1534 2783 1735 2850 predestinatus

135 2876 323 2931 biscnmessc.
353 2870 463 2928 Certum
484 2882 526 2927 εει
545 2879 635 2931 autem
652 2871 716 2941 quia
736 2879 763 2927 ει
780 2885 829 2925 nos
846 2885 909 2925 cum
959 2860 1048 2918 Ftttur
1060 2863 1109 2918 Dei
1125 2865 1734 2940 invirtutep'uetospiritumjertificutioois¹⁸.

136 2967 182 3023 llic
195 2980 343 3030 coeuamus,
354 2963 378 3019 εἰ
391 2978 530 3029 certemus
541 2962 627 3021 illum.
647 2960 796 3017 Cornedcus
810 2960 909 3031 quippo
959 2953 1032 3008 Etiit
1044 2955 1143 3024 quippe
1159 2957 1233 3027 uirga
1246 2956 1347 3028 (Sbide
1363 2959 1453 3015 radice
1465 2951 1551 3016 lesse.
1587 2957 1667 3032 Virga
1680 2978 1735 3018 uun

134 3057 168 3111 de
188 3056 289 3110 uostris
311 3052 390 3108 bonis
414 3051 593 3115 sermonibus,
612 3050 738 3120 operibus
755 3058 782 3105 ct
803 3050 908 3104 intolle-
921 3066 944 3128 ρ
959 3055 1000 3098 εει
1013 3043 1209 3114 primogenitus
1221 3048 1310 3103 omnis
1326 3057 1465 3113 creaturae,
1478 3050 1553 3121 virga
1565 3066 1618 3105 non
1633 3055 1733 3124 estqui

132 3154 189 3210 ctu,
207 3143 325 3214 repascit
341 3157 392 3197 uos
405 3143 462 3198 suis
479 3141 549 3203 escis
561 3139 739 3210 spiritalibus,
758 3140 906 3206 etdiriois,
959 3131 987 3186 in
1007 3134 1141 3204 principio
1165 3145 1222 3190 erat
1246 3139 1315 3206 apud
1338 3137 1420 3193 ileum
1444 3137 1515 3194 licus
1531 3136 1666 3205 Verbum,
1687 3145 1734 3198 sort

132 3247 160 3294 ει
173 3236 338 3291 melioribus.
358 3233 506 3303 Propterea
518 3232 581 3301 quia
596 3232 702 3297 beatum
714 3237 756 3300 Ιεει
770 3232 908 3300 suscipere
957 3222 1035 3293 virga
1048 3224 1185 3281 deradice
1201 3224 1287 3293 lesse,
1314 3229 1359 3298 qui
1370 3229 1448 3298 juxto
1464 3245 1572 3285 earnem
1590 3241 1732 3289 natusest.

133 3325 314 3390 Salvatoreur,
330 3323 431 3391 apertis
444 3320 522 3386 ostiis
534 3320 688 3390 pripcipalis
705 3319 795 3377 cordis
810 3321 907 3389 nostri,
957 3311 1029 3367 Exiit
1044 3328 1107 3385 ergo
1124 3317 1199 3385 virga
1221 3317 1255 3372 de
1273 3318 1362 3373 radico
1385 3317 1471 3387 iesse,
1497 3331 1523 3376 ει
1535 3321 1585 3377 flos
1598 3324 1630 3378 de
1642 3324 1735 3379 radice

131 3429 313 3485 praeparemus
325 3412 349 3466 ci
364 3412 461 3477 mella,
478 3424 505 3465 ει
526 3398 633 3469 omnem
657 3425 762 3466 coenanr
778 3411 853 3481 cius;
878 3420 907 3468 uc
957 3400 1017 3473 ejus
1039 3404 1160 3459 aseendit
1181 3405 1212 3457 ¹⁸.
1244 3403 1311 3470 bots
1332 3416 1374 3461 εει
1396 3407 1447 3462 dos
1460 3417 1488 3463 et
1508 3420 1623 3478 quaeest
1639 3413 1735 3465 radiat

132 3501 395 3573 ipsouosducptad
412 3515 536 3570 maguam
560 3514 664 3553 emirum
680 3497 906 3571 Patrisinreguo
957 3489 1044 3545 Amb⁰
1058 3492 1130 3546 enim
1146 3493 1174 3546 in
1188 3508 1272 3547 unum
1287 3494 1403 3564 idipsum
1419 3497 1568 3571 willein-i·
1600 3500 1732 3556 Differen-

131 3589 272 3654 toelurnnr,
290 3603 351 3657 quae
365 3595 408 3643 est
423 3587 450 3647 iu
463 3586 573 3643 Christo
586 3585 660 3650 lesu,
672 3588 715 3642 cui
725 3594 767 3642 est
780 3586 866 3658 gloria
879 3595 907 3642 et
956 3580 993 3634 litt
1008 3590 1097 3636 autem
1113 3592 1155 3638 est
1167 3583 1347 3655 negotiorum.
1366 3584 1433 3640 llam
1449 3587 1472 3641 ai
1484 3597 1610 3657 peccator
1625 3606 1665 3658 cs,
1678 3607 1731 3648 non

131 3680 272 3751 imperium
286 3683 314 3736 in
329 3680 428 3737 saecuta
443 3679 615 3735 saeculorum.
634 3677 731 3732 Amen.
955 3679 997 3727 est
1012 3670 1061 3726 tibi
1075 3671 1142 3737 ilos,
1159 3687 1246 3744 neque
1257 3674 1360 3730 ridebis
1377 3676 1469 3751 liorem
1483 3678 1529 3747 qui
1540 3687 1582 3734 est
1592 3694 1625 3734 cx
1644 3681 1733 3736 radice

352 3769 460 3847 uu
479 3766 623 3823 nomint
643 3768 685 3827 ιιι,
955 3760 1042 3818 iesse.
1074 3761 1167 3818 Veniet
1179 3765 1250 3853 enim
1262 3765 1334 3819 etad
1349 3775 1375 3820 te
1388 3767 1480 3838 virga,
1501 3771 1637 3838 quomodo
1649 3770 1731 3824 ditol-

286 3857 323 3913 De
335 3869 431 3928 reptem
445 3857 597 3911 oruiieribor
617 3860 687 3928 (cap.
703 3869 750 3930 ιε).
955 3850 1035 3920 pttlus
1046 3850 1102 3923 (90)
1116 3854 1198 3924 virgae
1209 3862 1235 3907 et
1247 3853 1320 3910 duris
1330 3854 1461 3926 loquitur.
1481 3858 1519 3914 lle
1532 3859 1609 3929 virga
1622 3861 1731 3929 quidem

165 3948 190 4003 l.
216 3947 326 4019 Septem
349 3949 476 4005 mulieres
497 3948 636 4018 patiuntur
660 3946 854 4016 opprobrium,
878 3959 905 4003 ct
954 3938 1040 3997 dicit:
1059 3941 1130 4006 Quid
1144 3943 1234 4007 uultis,
1246 3942 1275 3996 in
1288 3944 1361 4014 uirpo
1373 3947 1474 4001 corioro
1485 3948 1519 4000 od
1531 3951 1596 4002 rot?
1612 3947 1650 4003 lic
1664 3950 1732 4006 flore

127 4039 301 4094 circumeunt
321 4047 472 4108 qrraereutcs
497 4054 558 4094 eum
586 4037 720 4108 recipere,
747 4039 793 4109 qui
818 4038 905 4109 possit
956 4048 1019 4088 tero
1040 4035 1106 4089 :An
1129 4036 1156 4089 iu
1169 4035 1298 4089 charitate
1320 4035 1369 4089 tter·
1389 4046 1414 4091 et
1433 4040 1527 4109 spiritu
1551 4034 1731 4095 monsuetutil

128 4127 236 4183 auferre
249 4128 423 4198 opprobrium
446 4142 549 4183 earum.
580 4125 647 4198 lpsae
663 4137 763 4197 septem
778 4128 904 4184 mulieres
955 4123 995 4177 itit
1009 4125 1054 4177 ”l
1067 4124 1140 4179 Exiit
1152 4140 1216 4197 ergo
1231 4127 1264 4181 de
1279 4125 1369 4180 radice
1384 4125 1459 4185 lesse
1470 4130 1544 4199 virga
1557 4131 1729 4199 sapientiarci

131 4219 322 4287 repromittunt
336 4226 365 4271 ut
377 4232 456 4271 suum
470 4232 566 4287 panem
584 4217 758 4284 manducent,
783 4226 809 4273 ct
822 4219 904 4279 ιεειί-
957 4217 1004 4287 qui
1020 4217 1160 4286 suppliciis
1183 4218 1320 4286 plectitur,
1336 4222 1409 4291 uirga
1424 4222 1448 4275 el
1465 4221 1511 4291 qui
1525 4222 1627 4292 indiget
1639 4223 1729 4299 iucre-

128 4307 225 4362 mentis
237 4308 296 4363 suis
308 4307 473 4376 operiantur.
498 4305 556 4360 b'on
573 4321 682 4362 necesse
695 4307 794 4362 babent
806 4323 902 4379 paoem
953 4307 1078 4376 patione,
1100 4309 1174 4376 virga
1197 4310 1222 4361 ei
1241 4310 1287 4378 qui
1310 4324 1420 4366 necesse
1440 4313 1520 4367 babet
1537 4321 1567 4368 ut
1582 4323 1727 4385 arguetur,

127 4395 204 4466 ejus,
221 4396 268 4451 aed
285 4411 384 4450 nomeu
399 4395 459 4465 ejus
475 4395 522 4468 qui
540 4396 714 4466 opprobrium
726 4412 820 4452 carum
836 4413 901 4469 pos-
917 4377 1004 4453 iiaos
1017 4411 1082 4452 tero
1093 4397 1118 4451 ei
1132 4396 1178 4467 qui
1190 4397 1246 4467 jam
1258 4399 1380 4454 eruditos
1394 4409 1445 4466 εει,
1457 4409 1484 4456 ει
1499 4416 1553 4456 uon
1565 4403 1666 4474 indiget
1678 4404 1729 4458 du·

126 4485 163 4539 sit
175 4484 292 4540 aniene.
311 4482 370 4539 Non
382 4487 500 4557 indigent
512 4487 680 4543 vestimentis
692 4488 811 4545 bominis
821 4504 902 4561 quem
952 4500 983 4540 ra
999 4483 1177 4551 correctione,
1191 4485 1233 4540 rel
1245 4496 1318 4542 certe
1333 4503 1386 4544 uun
1398 4488 1500 4558 indiget
1509 4492 1607 4561 prauis,
1623 4491 1670 4548 ted
1681 4508 1729 4548 ra·

125 4582 278 4627 assumunt.
298 4572 408 4628 Meliora
424 4573 525 4635 babent
538 4575 698 4629 uestimenta
716 4589 798 4643 quam
815 4583 903 4644 potest
951 4576 1017 4632 lenti
1028 4576 1084 4646 jaru
1099 4574 1196 4653 florere
1212 4578 1344 4648 incipero,
1360 4562 1388 4635 ct
1400 4580 1433 4635 ad
1447 4581 1595 4651 perlectum
1610 4583 1727 4639 tractum

126 4663 166 4718 eis
179 4664 261 4716 homo
274 4671 413 4732 praestare.
441 4664 584 4731 Lautiores
602 4663 701 4733 liabent
718 4666 804 4731 cibos,
819 4681 900 4737 quam
951 4665 1034 4721 exire.
1062 4657 1183 4721 Primum
1201 4655 1270 4720 enirn
1286 4667 1336 4723 los
1357 4670 1526 4734 ostenditur,
1550 4670 1645 4726 deinde
1666 4682 1728 4740 post

124 4753 244 4811 conditio
269 4763 358 4823 petest
380 4755 498 4820 bumana
518 4753 621 4825 largiri.
654 4754 737 4825 Cujus
757 4770 823 4828 ergo
845 4757 900 4812 siut
950 4755 1042 4810 liorem
1063 4756 1138 4826 uirga
1159 4757 1189 4811 iit
1207 4765 1234 4811 ct
1252 4759 1285 4813 ad
1300 4759 1494 4815 iruetumexit.
1523 4758 1594 4812 Exiit
1606 4760 1680 4830 uirga
1694 4760 1727 4814 da

125 4851 227 4913 septem
244 4844 381 4911 mulieres,
405 4852 433 4899 et
455 4844 527 4914 quod
542 4843 578 4898 sit
600 4843 775 4914 opprobrium
792 4860 898 4913 earum,
951 4846 1043 4901 radice
1054 4844 1142 4909 lesse,
1165 4852 1192 4901 et
1206 4845 1256 4904 dos
1267 4848 1301 4904 de
1314 4849 1405 4904 radice
1419 4849 1478 4918 ejus
1492 4848 1628 4913 ascendet,
1642 4856 1669 4902 et
1682 4863 1725 4902 re-

123 4928 234 5002 dipnum
248 4940 289 4987 est
301 4933 483 5003 considerare.
500 4932 606 5005 Septem
620 4933 746 4990 mulieres
758 4947 813 5014 uua
824 4944 897 5002 sunt,
950 4927 1091 5005 quiescent
1102 4948 1184 5005 super
1197 4950 1259 4991 eunr
1274 4945 1375 5006 septem
1390 4937 1529 5004 mulieres,
1547 4937 1658 5006 spiritus
1670 4936 1724 4991 bo-

126 5021 337 5090 Spiritus·enim
359 5022 406 5077 bei
430 5031 502 5078 sunt.
531 5021 565 5077 Et
586 5030 628 5078 εει
647 5023 782 5087 istruna,
796 5016 898 5095 septem
950 5023 1028 5089 uului,
1055 5023 1165 5093 spiritus
1191 5024 1331 5092 sapientior
1351 5030 1379 5078 et
1402 5023 1553 5097 intellectus
1574 5024 1726 5094 requiescet

124 5118 197 5171 sunt.
217 5109 334 5182 Spiritus
346 5113 418 5168 enim
428 5110 474 5169 Dei
486 5120 528 5167 est
540 5111 651 5182 spiritus
666 5102 840 5183 sapientiaret
853 5115 896 5173 in·
950 5106 1032 5184 tupe'r
1042 5126 1104 5168 eum
1120 5112 1153 5164 ⁸⁸.
1172 5111 1290 5181 Spiritus
1306 5114 1379 5168 enim
1394 5113 1534 5184 sapientiae
1548 5129 1602 5171 uuu
1617 5115 1725 5185 requie·

126 5202 256 5281 tellectus,
270 5204 380 5272 spiritus
391 5202 496 5258 consilii
513 5211 540 5263 ct
552 5201 669 5267 uirtutis,
686 5201 798 5283 spiritus
809 5204 897 5269 scien·
949 5203 988 5260 rlt
1003 5203 1031 5256 iu
1048 5201 1154 5272 troyae,
1179 5201 1291 5270 spiritua
1314 5205 1453 5273 oapicutiae
1474 5219 1528 5260 uon
1549 5204 1723 5279 requieritiu

158 5392 282 5461 ¹¹Apoc.
305 5388 404 5457 ttt,20.
441 5384 682 5452 ”Romam
720 5385 813 5442 '‘lsa.
830 5403 867 5454 rr,
887 5389 912 5445 l.
950 5385 1082 5441 ”icon
1105 5384 1203 5448 roll.
1241 5383 1477 5452 '‘lsa.rrr,l,2

158 5577 214 5647 (aa)
239 5576 316 5644 i'irpo
331 5574 464 5631 omittitur
478 5574 504 5628 in
518 5572 607 5636 editis,
622 5573 667 5628 sed
679 5580 767 5628 exstat
782 5572 808 5626 in
823 5587 889 5627 mss.
946 5570 1025 5626 libb.
1037 5569 1119 5625 editi:
1142 5568 1222 5650 lituo
1236 5569 1305 5622 euim
1316 5569 1513 5650 primopertttrtr.

121 5645 220 5702 ibidetu
244 5663 308 5702 nrss.
325 5647 445 5701 babent:
469 5642 545 5713 Virpu
562 5660 612 5696 uon
635 5653 672 5695 ert
694 5641 892 5714 primopertitur.
982 5638 1038 5710 (ab)
1058 5638 1134 5711 lisa,
1149 5638 1405 5713 disciputua.,edrt.,
1423 5636 1568 5719 apostolus,
