3788 6120
128 289 180 359 til
404 296 651 362 continente.
675 298 717 359 ln
736 299 940 364 tenebitis
959 307 1189 374 Pnbrnb'ntli
1210 317 1282 380 xie.
1305 320 1329 390 l,
1349 320 1429 381 cle.
1449 320 1490 386 it.
1703 326 1761 387 'tei

129 408 992 488 nanneno.idololatritepollutuessonllbns3etirupu·Aet
1018 433 1153 482 exoratores
1182 427 1215 482 ed
1244 426 1387 486 libidinem
1410 431 1593 502 prouocabat,
1623 437 1761 504 aperiebat

127 500 225 555 deuter
247 515 329 569 nepus
338 503 490 559 tecolnissc
501 505 601 559 idolum
613 504 713 562 Baulim
728 507 829 579 (loire,
845 511 915 578 ιιι).
970 512 1028 568 rias
1053 519 1228 585 turpitudinis
1248 536 1314 587 srrae,
1342 530 1369 576 et
1391 521 1557 577 divaricabat
1579 524 1660 594 pedes
1685 525 1759 579 omui

129 594 245 664 Respice
278 598 429 654 convallem
466 600 583 656 illiorum
614 603 721 658 Enuon.
753 619 814 674 quae
846 606 918 662 Silue
972 609 1122 662 transeunti
1139 607 1434 680 (nonnionem
1452 615 1760 674 autemloeusamoeui-

127 688 249 745 lontibus
272 691 411 759 irrigatur,
438 702 466 747 et
491 693 527 748 ibi
554 709 651 750 cernes
675 696 817 752 delubrum
841 700 915 766 ilasi,
969 705 1053 752 tatem
1070 700 1174 756 liabens
1193 716 1325 773 aquarum
1341 702 1493 772 fluentium,
1510 707 1556 774 qrri
1575 706 1761 767 delectabilior

126 797 208 848 urreru
222 782 317 837 relicto
334 783 400 850 beo,
417 796 544 872 venerato
560 801 600 841 es.
617 787 750 859 Quodque
772 792 881 846 additur
907 810 914 847 :
969 787 1008 852 m,
1025 790 1135 858 quaudo
1155 790 1181 845 iu
1197 793 1314 848 circuitu
1330 794 1448 851 solitudo
1460 805 1512 863 est,
1527 796 1657 853 utnullus
1672 797 1760 852 rideat

125 870 199 927 Scito
212 874 276 943 qaid
291 873 395 942 seceris,
411 875 519 932 drusos
535 877 628 933 oculos
642 879 731 965 aperit
747 880 915 952 denegantis,
967 878 1163 937 fornicantem.
1180 882 1215 938 ln
1227 884 1370 953 desiderio,
1381 888 1478 958 irrqnit,
1491 891 1588 944 errimus
1601 905 1657 944 sete
1678 906 1761 943 πνευ·

126 975 157 1018 ιιι
177 975 272 1020 cernat
293 965 365 1034 quod
387 969 523 1024 erubescit
542 971 675 1040 aspicere.
694 973 774 1028 iuxta
799 978 916 1044 tropolo-
969 975 1162 1042 ματοφορεῖτῠ,
1186 973 1245 1030 Sive
1264 991 1393 1044 berterio
1410 978 1506 1048 stilibi
1523 979 1681 1043 ducemini,
1702 977 1759 1034 Sile

125 1056 211 1121 piam,
232 1056 428 1126 impudentium
452 1059 550 1116 ironiis
569 1076 663 1116 eornro
681 1064 727 1132 nni
748 1065 844 1120 nolunt
865 1080 913 1120 sur
968 1065 1092 1118 trubebxt
1121 1067 1223 1120 amoris
1245 1066 1415 1138 refrigerium
1444 1069 1518 1126 :rel
1545 1080 1620 1124 certe
1643 1071 1757 1123 exuebat

126 1146 194 1201 sitia
222 1147 356 1219 coniteri,
385 1152 695 1229 operibnsflargumuus.
724 1156 913 1225 liujuscemodi
967 1154 1145 1222 turpitudinis
1162 1156 1363 1212 snecarrrriua.
1380 1157 1490 1214 Tradita
1508 1159 1669 1226 esninuuit,
1687 1160 1757 1213 vitiis

125 1240 200 1294 enim
216 1238 338 1295 immines
366 1256 419 1295 nou
434 1241 574 1298 ambulant
590 1245 617 1298 in
632 1257 707 1302 arcta
722 1248 786 1303 etin
800 1261 914 1320 angusta
965 1246 1068 1301 suiset
1089 1246 1194 1302 libidini
1215 1265 1222 1304 ι
1243 1247 1335 1304 nullus
1360 1265 1421 1306 earn
1441 1263 1600 1306 ‹torruertere
1624 1252 1722 1320 poterit
1749 1247 1756 1287 ²

126 1331 249 1400 rismum
260 1333 335 1387 ducit
348 1336 381 1388 od
397 1336 478 1391 uitarn
493 1353 500 1391 ε
515 1337 562 1390 sed
580 1337 605 1390 iu
619 1338 672 1392 lats
683 1348 712 1393 et
722 1342 852 1408 spatiosa,
866 1356 915 1412 per
964 1352 1061 1393 ornnes
1080 1340 1127 1410 qni
1143 1340 1280 1395 voluerint
1293 1355 1354 1396 eant
1372 1341 1507 1408 trrreuire,
1527 1342 1554 1401 in
1583 1343 1757 1410 turpitudinis

125 1438 211 1489 nuans
228 1425 415 1494 ingrediuntur
433 1427 552 1494 plurimi,
569 1443 629 1498 qnae
643 1429 717 1486 ducit
743 1434 777 1486 ad
800 1444 913 1488 mortem
964 1426 1118 1486 humilitste
1135 1431 1283 1502 reperient,
1309 1440 1338 1487 ut
1354 1448 1491 1503 nunquam
1508 1435 1592 1505 possit
1613 1432 1756 1503 voluptatis

126 1513 237 1582 (latri.
267 1514 325 1587 sir).
354 1515 432 1573 Unde
462 1529 491 1573 et
517 1519 704 1588 sipuiilcauter
736 1521 913 1594 πολυάνδριον
964 1537 1058 1579 amore
1071 1523 1178 1578 satiari.

126 1606 266 1663 nourinato
279 1617 333 1674 est,
348 1609 406 1664 sire
420 1609 496 1679 iuste
510 1611 661 1676 historiam,
677 1613 750 1685 quod
768 1616 804 1670 ibi
830 1617 912 1670 inter·
999 1618 1091 1687 (vers.
1106 1617 1166 1688 25.)
1186 1637 1196 1672 r
1215 1618 1332 1675 Prohibe
1348 1618 1443 1689 pedem
1460 1628 1535 1674 tuum
1551 1635 1565 1675 a
1584 1621 1715 1684 nuditate,
1728 1630 1755 1675 et

128 1698 200 1757 terta
215 1710 242 1755 et
258 1701 362 1771 perdita
380 1701 417 1758 sit
433 1702 593 1761 idololatriae
607 1707 688 1773 malo,
704 1707 795 1778 populi
819 1710 912 1764 rnrdti-
930 1750 951 1806 B
966 1717 1166 1777 gutturtuuma
1179 1711 1225 1766 siti
1240 1726 1247 1765 ι
1260 1721 1286 1765 et
1299 1710 1404 1775 dixisti,
1419 1711 1573 1778 bespereri
1585 1727 1751 1782 irequarpraru

127 1791 203 1849 ndo.
773 1847 775 1851 .
966 1799 1064 1856 incisrn
1082 1802 1224 1856 :adamari
1234 1803 1335 1872 quippe
1350 1803 1466 1865 alienos.
1481 1811 1509 1857 et
1524 1811 1584 1872 post
1596 1817 1642 1857 eos
1657 1805 1753 1858 mnbu-

163 1883 256 1954 (vers.
270 1884 329 1948 sbi
347 1907 356 1939 ι
374 1887 477 1945 cursor
490 1888 558 1946 ieris
571 1891 712 1960 explicans
735 1893 793 1948 rias
819 1909 882 1950 suus
906 1914 914 1950 ι
966 1890 1038 1946 lobo.
1057 1911 1067 1945 ι
1082 1891 1153 1946 iiix
1168 1909 1176 1948 :
1193 1911 1203 1944 ι
1217 1891 1352 1949 Corrrerte
1367 1892 1462 1963 pedem
1474 1903 1547 1947 nrum
1564 1895 1632 1947 uria
1647 1910 1751 1964 aspera,

127 1986 367 2049 onsxerassuetus
382 1980 532 2049 solitudini,
546 1983 572 2038 iu
589 1984 725 2039 desiderio
743 1984 841 2038 anima·
860 2001 917 2041 sure
966 1991 1102 2051 struitur
1118 1993 1193 2038 tunm
1209 1997 1224 2037 a
1244 1984 1290 2039 siti
1308 1999 1318 2038 .·
1340 2000 1402 2054 qne
1420 1982 1499 2050 dixit,
1525 1985 1645 2041 viriiiter
1664 1973 1752 2056 ogeru,

128 2065 239 2122 attraxit
254 2074 363 2123 venturu
379 2070 480 2127 auroris
495 2071 538 2127 sni
555 2089 562 2126 :
579 2071 670 2129 nullus
694 2083 799 2130 auertet
819 2089 881 2131 earn
906 2093 914 2131 r
967 2074 1094 2145 quoniam
1111 2073 1192 2130 dilexi
1212 2073 1326 2140 alienos,
1342 2085 1445 2145 etpost
1470 2091 1517 2132 eos
1538 2076 1671 2132 mnbuluri
1697 2077 1752 2151 ldl.

126 2173 224 2215 omnes
232 2160 276 2230 qai
292 2171 416 2232 querunt
429 2176 500 2226 earu,
513 2178 566 2218 oon
577 2164 714 2222 delicieut.
725 2166 757 2221 lu
768 2168 917 2224 menstruis
968 2165 1136 2239 ambulabo}
1155 2184 1165 2220 ι
1184 2164 1288 2224 Pascha
1305 2168 1412 2234 laciori,
1432 2167 1607 2224 calciamenta
1627 2168 1755 2238 jubentur

126 2251 188 2320 elus
196 2251 336 2310 invenient
346 2269 419 2310 earm
437 2273 447 2307 r
463 2253 534 2309 Lxx
547 2271 555 2311 ι
569 2274 579 2309 r
596 2256 636 2310 Ad
647 2271 784 2327 uesperam
797 2275 848 2315 vox
858 2260 918 2331 ejus
967 2257 1069 2315 babere
1082 2260 1108 2314 io
1121 2259 1237 2330 pedibus
1250 2257 1350 2328 (Ecod.
1362 2260 1423 2330 ιιι).
1436 2261 1467 2314 Et
1484 2259 1630 2330 Apostolus
1645 2259 1752 2331 (Epium.

120 2343 255 2409 -slslasit,
272 2346 331 2403 rias
343 2361 406 2401 snas
420 2345 543 2403 dilatarit
559 2364 736 2420 superaqnas
751 2353 916 2426 solitudinis,
968 2351 1016 2421 rr),
1034 2351 1163 2406 calciatos
1178 2351 1309 2419 predicat
1327 2354 1408 2421 pedes
1422 2366 1516 2407 eornm
1540 2353 1586 2420 uui
1609 2352 1754 2424 Evangelio

128 2434 158 2492 ls'
176 2436 313 2494 desiderio
326 2438 422 2494 animer
437 2454 491 2496 soce
509 2442 605 2509 spiriru
618 2447 778 2514 pertubatur
793 2463 800 2502 :
817 2447 916 2513 trudita
967 2438 1154 2513 praepxrinur
1170 2459 1177 2499 :
1193 2441 1302 2498 nednrn
1318 2456 1367 2512 per
1380 2442 1471 2498 secrdi
1485 2442 1565 2513 huius
1579 2443 1753 2498 solitudinem

127 2537 192 2587 cst:
208 2529 270 2598 nnis
282 2540 418 2587 consertor
433 2533 513 2589 carol
523 2533 624 2592 Omnes
635 2537 680 2605 itui
695 2548 819 2604 querunt
832 2539 917 2604 illam,
968 2537 1139 2609 gradiuntur,
1152 2537 1296 2593 venenatis
1308 2543 1415 2607 pateant
1425 2533 1620 2599 animantibus,
1635 2548 1694 2599 urrae
1706 2533 1753 2588 de-

126 2640 184 2683 son
208 2623 394 2692 laborabunt,
418 2639 445 2682 et
465 2628 493 2682 iu
514 2628 668 2685 bumilitate
690 2631 764 2687 iilius
781 2633 918 2700 reperient
968 2630 1033 2687 bent
1057 2628 1220 2701 Evangellco
1243 2630 1311 2701 pede
1337 2627 1436 2685 calcari
1461 2637 1488 2684 et
1512 2625 1627 2682 conteri.
1657 2624 1755 2680 Guttur-

126 2719 214 2777 lllsrn.
235 2738 245 2773 s
261 2719 373 2776 linitum
385 2722 410 2775 in
419 2721 471 2778 boc
485 2722 546 2778 loeo
558 2721 629 2779 LXX
644 2723 729 2780 editio
742 2723 917 2781 abilebrolea
968 2722 1144 2795 probibemus
1159 2737 1173 2777 a
1188 2720 1244 2788 siti,
1262 2721 1374 2791 quando
1389 2717 1538 2775 Salvatoris
1554 2726 1689 2789 precepta
1704 2717 1755 2770 iru-

125 2811 244 2869 'crilatu
264 2812 399 2869 discordat
425 2828 434 2869 ς
455 2821 544 2870 tamen
568 2823 683 2886 utraque
703 2817 788 2874 habet
808 2832 918 2875 pensum
968 2809 1233 2880 plenius'dicenlit
1249 2809 1324 2880 :luni
1342 2809 1500 2864 tilitcenial
1516 2808 1551 2862 od
1575 2822 1625 2870 nte,
1645 2817 1668 2860 ei
1685 2806 1755 2859 iiiut

125 2918 221 2961 mern.
237 2904 305 2969 Onia
321 2918 402 2974 snpra
419 2904 499 2966 dixit,
514 2921 567 2960 non
580 2923 638 2960 snm
658 2907 779 2975 potiare,-
793 2920 820 2964 et
841 2920 917 2979 quest
970 2901 1062 2971 (loun.
1081 2901 1271 2972 numptius
1283 2901 1473 2969 desperatione
1498 2899 1628 2954 nudorum
1651 2898 1757 2968 inegerit

124 2994 162 3051 sti
175 2995 389 3067 mulieremque
403 2997 518 3066 turpiter
530 3012 560 3053 se
573 3008 696 3070 gesserat
714 3000 722 3031 ¹
741 3000 918 3068 loquebatur,
969 3007 1001 3050 se
1028 2992 1161 3049 iacturum
1183 2993 1253 3062 quod
1273 2991 1404 3047 bendum
1420 2990 1574 3056 indelatii,
1593 3005 1756 3058 &bilbilim

126 3084 262 3143 dmertbn
278 3084 484 3144 fornicationem
503 3088 573 3157 ejus.
590 3087 742 3154 Quorncdo,
757 3090 853 3159 inquit.
869 3076 952 3146 cmc
967 3086 1094 3154 exposuit
1107 3085 1202 3140 dicens
1221 3082 1373 3145 :Anemuri
1388 3084 1501 3150 silenos,
1517 3093 1545 3138 et
1559 3083 1618 3137 illos
1634 3098 1755 3152 serpnr:

125 3193 192 3249 praa
204 3176 281 3251 lenb,
297 3193 379 3244 uuum
392 3193 441 3234 uos
456 3193 554 3250 genere
566 3179 715 3246 communi,
728 3196 860 3235 merorem
874 3183 915 3236 d:—
973 3177 1121 3246 impudenti
1140 3173 1310 3230 eonlesslnue
1326 3182 1424 3243 putans
1438 3189 1468 3230 se
1485 3174 1600 3230 crimina
1624 3173 1755 3231 deuitare.

124 3266 228 3330 ximus,
255 3266 511 3335 srpniileantiusune
536 3267 643 3338 equita,
669 3267 857 3339 Symmachus,
886 3283 914 3326 et
974 3267 1060 3322 Por-ro
1073 3266 1149 3335 juxta
1165 3263 1234 3318 lxliii
1249 3264 1292 3318 rio
1310 3274 1480 3330 peecatorum
1497 3278 1593 3335 aspero
1608 3273 1756 3341 estense

123 3359 277 3418 steodotio
298 3369 407 3415 uertere
429 3359 532 3428 δρομὰς
557 3357 646 3431 κούφη
669 3361 691 3423 ¹,
714 3361 832 3429 explieat
856 3362 913 3417 rtsr
973 3359 1085 3416 Dourino
1112 3357 1279 3412 eonnectitur
1305 3355 1331 3409 iu
1355 3356 1426 3410 alant
1458 3355 1575 3424 plonmn.
1598 3355 1755 3423 Quicunque

123 3469 203 3520 stas,
222 3463 249 3508 et
267 3452 346 3509 velox
365 3452 453 3508 lertur
470 3452 504 3507 ad
525 3451 622 3519 pabula
645 3468 652 3510 t
672 3460 698 3506 et
714 3452 792 3509 sicuti
816 3434 916 3519 onager
973 3451 1117 3506 irmeneus
1134 3446 1268 3516 senrritur,
1282 3446 1377 3501 bonum
1394 3461 1519 3503 rersunrn
1533 3457 1640 3502 notetur
1652 3446 1753 3519 elopio;

123 3552 252 3602 assuetus
263 3544 291 3600 in
304 3543 460 3605 solitudine,
471 3542 555 3597 trabit
570 3542 597 3595 ixr
606 3541 740 3598 desiderio
755 3543 914 3598 auimaesnae
971 3541 1043 3613 quod
1056 3541 1166 3606 dixerit,
1181 3539 1322 3610 desperari
1333 3539 1390 3595 sire
1406 3538 1432 3594 ln
1445 3537 1515 3593 nralo
1530 3539 1665 3609 proposito
1677 3552 1753 3608 egum

124 3644 239 3693 rentum
264 3636 304 3692 rel
327 3635 450 3704 spiritum
468 3631 569 3688 suroris
590 3635 629 3688 sui
654 3632 720 3704 (ιιιιο
745 3635 816 3690 erdru
843 3633 914 3700 apud
972 3634 1097 3696 uiriliter,
1112 3638 1138 3686 et
1152 3634 1180 3685 in
1196 3646 1257 3686 uren
1271 3631 1445 3686 confortabor
1458 3645 1561 3697 errore.
1577 3628 1691 3684 decesso
1704 3642 1754 3682 an·

124 3726 257 3783 liebrreus
273 3726 382 3783 nomine
400 3741 451 3781 eun
467 3722 537 3793 tnta)
554 3732 580 3779 et
599 3735 688 3780 nentur
711 3725 863 3795 appellatur
886 3737 915 3781 et
972 3736 1026 3783 tem
1042 3736 1094 3789 est,
1111 3732 1142 3779 nt
1157 3724 1202 3793 nui
1217 3722 1330 3779 alienam
1348 3723 1383 3778 ab
1399 3722 1580 3780 ecelesiastica
1605 3719 1754 3776 doen-inmo

121 3818 257 3888 spiritns).
274 3814 453 3879 sicetlsrael.
464 3815 522 3871 sire
536 3815 687 3872 ierusalem
700 3825 756 3871 toro
768 3815 868 3883 impetu
879 3815 912 3872 ad
971 3815 1106 3885 enutritur,
1124 3814 1226 3868 alienos
1241 3812 1350 3880 diripe
1367 3821 1394 3866 et
1409 3825 1501 3866 corrrm
1519 3818 1646 3880 seqrratur
1672 3809 1757 3863 resti-

123 3909 294 3968 desirleriunt
318 3907 439 3964 libidinis
461 3905 609 3974 serebatur,
633 3919 659 3963 et
680 3909 753 3963 ornui
780 3908 912 3964 idolorum
970 3906 1027 3977 pis,
1041 3905 1082 3960 rel
1095 3905 1241 3967 daemones,
1260 3902 1303 3956 rel
1318 3901 1506 3957 baereticorum
1522 3899 1666 3970 principes,
1680 3900 1754 3968 quis

123 4016 221 4063 satore
237 4000 380 4057 lerrebate
399 3997 541 4067 nullusque
557 4007 599 4053 est
614 3999 661 4068 qui
674 4012 733 4054 earn
749 3999 806 4055 suis
823 4001 913 4057 moui·
972 3994 1026 4050 beo
1041 3993 1121 4048 alicui
1132 4001 1204 4048 sunt.
1309 4042 1311 4047 ,
1720 4043 1738 4078 s

123 4095 164 4152 t‘s
178 4107 228 4162 pos
243 4091 264 4147 it
277 4091 312 4146 ab
323 4091 375 4146 boc
389 4090 493 4159 impetu
509 4097 633 4144 opertere
651 4105 659 4144 ε
676 4103 729 4144 non
742 4104 798 4159 quo
811 4090 914 4160 impes-
1008 4082 1220 4156 (Veis-2⁶‚27d
1233 4103 1242 4135 ⁸
1254 4082 1576 4150 Qii⁰¹⁰⁰d⁰⁰⁰¹⁸i¹¹¹¹dii⁰i
1586 4083 1756 4151 subillilii‘i

123 4182 245 4242 sibilitas
258 4183 311 4239 boc
327 4183 420 4239 lecerit
433 4182 636 4253 prophetarum,
653 4183 700 4237 sed
725 4182 827 4237 malitis
852 4199 912 4254 pet·-
973 4174 1195 4245 deprehenditur,
1213 4173 1253 4226 sic
1265 4169 1371 4226 confusi
1385 4180 1448 4227 sunt
1462 4173 1558 4227 donnus
1575 4171 1656 4225 lsrael
1673 4187 1681 4230 ι
1705 4174 1753 4238 ipsi

125 4287 206 4331 seraa
221 4272 365 4341 cupientis.
381 4271 551 4339 Quicunque,
577 4270 627 4333 uit,
657 4284 716 4325 eam
745 4272 914 4340 quesierint,
972 4262 1606 4336 etreposcorumprineipesetsacerdotes,er
1620 4264 1756 4332 propium»,
1882 4328 1886 4337 Ι

125 4360 537 4433 maurapooperelxborubunt.
555 4360 582 4415 lu
604 4361 752 4416 menstruis
770 4359 839 4416 etin
862 4361 913 4415 iux·
971 4373 1077 4415 eorum.
1097 4376 1106 4409 ι
1124 4355 1754 4425 ΟοοοιιίοοίιίιιιροδοιιιοιριοοοιιιιΙιιιιδιι-
1803 4376 1818 4411 ·,

126 4450 263 4510 munditia
274 4449 333 4521 ejus
347 4451 484 4505 iorenieut
500 4463 572 4505 eam.
595 4448 648 4504 Pro
671 4463 726 4515 uno
742 4449 839 4512 deuiis
852 4466 918 4505 νιο-
934 4438 956 4496 ⁰
971 4450 1101 4511 rantium,
1116 4457 1205 4502 tarueu
1219 4447 1368 4513 erubescit,
1379 4445 1460 4517 85³
1474 4461 1534 4502 cnm
1549 4448 1580 4500 in
1591 4446 1661 4501 luno
1674 4446 1755 4500 inurit

129 4544 242 4616 peries,
264 4541 318 4597 boc
336 4549 386 4603 est,
410 4541 554 4605 liniendus,
579 4538 769 4611 Symmachus,
791 4556 913 4606 secusne,
967 4541 1163 4609 deprehensns.
1192 4537 1226 4594 Et
1249 4537 1333 4593 lsrael
1357 4553 1424 4609 ergo
1448 4538 1541 4594 diecus
1564 4538 1646 4608 ligno,
1674 4536 1755 4591 Putre
1849 4535 1853 4541 “
1881 4527 1883 4532 ’

129 4634 306 4706 Septuaginta
321 4633 404 4704 852
418 4640 446 4687 et
464 4630 626 4690 Tireodotio.
642 4632 816 4687 lrrrmilitctem
832 4635 916 4687 inter·
967 4648 1039 4686 reesa
1057 4648 1084 4686 es
1103 4641 1132 4685 tn
1147 4646 1157 4687 .·
1175 4639 1200 4685 et
1218 4630 1313 4699 lapidi,
1328 4629 1417 4685 Turne
1432 4630 1544 4701 pensiori
1552 4646 1563 4696 ,·
1573 4640 1602 4684 ut
1615 4645 1662 4683 eos
1675 4645 1754 4681 ronr-

128 4726 228 4798 pretati
240 4734 312 4780 snrrt.
326 4723 493 4793 i’orranxtu
506 4720 577 4781 LXX
592 4723 636 4778 bic
647 4738 742 4780 sensns
756 4732 797 4779 est
810 4740 817 4780 ι
830 4724 917 4779 llere·
968 4733 1008 4779 ret
1022 4731 1161 4791 parentes,
1176 4736 1248 4790 rpuos
1264 4722 1322 4792 ipse
1336 4720 1485 4778 labriratus
1499 4733 1550 4785 est,
1579 4722 1754 4777 eortiuudirur

130 4816 184 4873 trix
199 4815 448 4883 Jeruszilum,1nxtu
466 4813 539 4869 illum
560 4815 698 4869 nndierem
720 4830 782 4883 que
804 4816 830 4868 iu
850 4813 917 4867 i‘m·
966 4813 1064 4868 ennrin
1081 4828 1129 4866 sno
1146 4809 1300 4866 idololotria
1315 4810 1597 4878 lueritdeprebeusns.
1613 4811 1643 4865 Et
1656 4826 1689 4865 ne
1701 4827 1753 4882 pn-

131 4910 232 4967 rerbiis
246 4908 418 4975 describitur,
432 4907 465 4963 ad
481 4921 620 4976 uesperam
635 4907 755 4961 ululabat
767 4920 832 4961 rues
854 4922 914 4972 sun,
966 4917 1053 4962 teums
1069 4905 1080 4936 ⁸
1094 4907 1146 4959 lroc
1161 4904 1196 4959 de
1212 4903 1289 4975 plebe
1306 4918 1367 4960 eum
1382 4903 1473 4960 dicere
1499 4918 1507 4958 t
1531 4917 1607 4972 reges
1629 4906 1704 4973 ponit
1725 4920 1753 4959 ex

167 5045 176 5077 ¹
192 5041 320 5096 Voculam
335 5057 364 5096 se
376 5040 436 5095 eud.
453 5038 483 5094 S.
501 5038 596 5093 Crucis
609 5054 663 5093 non
679 5038 802 5106 agnoscit
816 5054 824 5091 t
839 5053 914 5092 mox·
967 5040 1047 5095 malis
1075 5040 1143 5096 meis
1165 5038 1250 5095 veluti
1270 5039 1325 5112 lum
1349 5037 1466 5108 propriis
1485 5053 1516 5092 ae
1531 5040 1684 5098 vernaculis
1704 5046 1751 5099 ad-

129 5127 183 5179 que
200 5112 281 5167 babet
299 5126 360 5166 cnm
377 5110 482 5164 dnobus
497 5109 568 5174 eliis,
590 5109 728 5174 adscribit,
747 5123 796 5177 pro
820 5109 916 5163 rescri-
966 5110 1104 5164 latebam.
1120 5128 1129 5161 ι

129 5183 177 5238 iis.
1001 5178 1010 5212 ¹
1028 5179 1160 5234 Periodus
1174 5180 1260 5245 istaec,
1279 5177 1311 5232 bt
1327 5195 1358 5233 ne
1372 5189 1492 5244 putemus
1507 5193 1593 5248 rrspne
1613 5184 1751 5250 propicius

165 5256 176 5286 ’
192 5250 326 5320 legerant
342 5249 474 5304 lractenus
488 5247 587 5318 vulgati
598 5247 715 5318 δρομεὺς
732 5263 782 5317 pro
796 5247 912 5317 δρομάς,
965 5264 1068 5310 eoram,
1087 5248 1115 5302 in
1126 5248 1211 5314 rrnllo,
1221 5264 1236 5305 e
1247 5250 1347 5319 quibus
1361 5251 1463 5303 utinrnr
1473 5263 1538 5303 mss.
1548 5260 1594 5303 aut
1606 5265 1687 5318 penes
1698 5251 1749 5306 na-

129 5323 248 5386 dromus,
266 5319 337 5389 qnod
353 5319 422 5374 uriro
438 5332 587 5383 consensu,
600 5319 680 5387 idque
695 5318 805 5383 rectius,
820 5316 915 5386 lrute·
965 5319 1066 5373 bonurn
1077 5317 1122 5371 bic
1134 5317 1186 5371 loci
1198 5318 1325 5382 babetur,
1335 5318 1383 5372 sed
1396 5318 1478 5384 poulo
1488 5317 1602 5373 interius
1613 5318 1750 5374 Zaeirurim

129 5402 190 5446 runt
207 5404 271 5444 mss.
966 5386 1050 5441 textui
1069 5386 1206 5442 subditur.
1219 5386 1272 5441 Sed
1287 5396 1313 5441 et
1330 5388 1452 5455 proxime
1476 5388 1642 5456 subsequens
1656 5389 1682 5443 in
1705 5389 1750 5445 Ci-

166 5458 262 5513 ’'lros
278 5473 344 5513 mss.
358 5458 526 5522 srrseipimnx,
544 5471 592 5520 pro
612 5456 750 5526 implemus
767 5472 774 5510 ε
790 5465 817 5510 οι
833 5456 913 5523 punio
964 5454 1106 5511 sterciensi
1131 5471 1181 5510 rnx.
1205 5456 1293 5510 variat
1318 5472 1325 5512 ι
1348 5475 1357 5507 ι
1383 5456 1496 5511 litentur
1514 5460 1564 5511 boe
1582 5459 1747 5522 resrimmuo,

130 5538 189 5594 port
214 5528 395 5595 desperatione
416 5526 564 5586 nreliurnm,
591 5542 640 5592 prro
667 5525 796 5578 nrelornru
823 5541 829 5578 :
853 5541 913 5579 eoru
964 5526 986 5579 si
1000 5527 1109 5593 qrrerrdo
1123 5525 1364 5595 principcsnnstri,
1378 5536 1406 5583 et
1422 5526 1447 5580 lri
1462 5527 1507 5594 qni
1522 5526 1548 5579 in
1564 5525 1683 5582 Ecclesia
1699 5545 1748 5596 pu-

130 5598 274 5655 les-tionem
291 5601 385 5666 probat
400 5608 427 5650 et
444 5596 558 5660 Victor„
574 5595 720 5664 irridetque
731 5595 848 5649 similem
860 5595 912 5662 Cp·
965 5604 1058 5647 erutur
1084 5594 1178 5662 duces,
1202 5596 1228 5649 in
1251 5595 1370 5664 trecentis
1395 5596 1519 5666 turpibus
1534 5594 1638 5652 luerim
1654 5597 1746 5669 depre-

129 5667 220 5737 prlani
236 5665 413 5734 loennrepisl.
426 5667 458 5719 nd
471 5665 567 5718 burras.
584 5682 590 5721 ς
608 5682 617 5716 r
633 5665 679 5721 Sic
691 5665 762 5719 vitiis
773 5665 913 5717 nullumn-
965 5664 1051 5719 bensi.
1071 5684 1080 5715 ι

130 5737 204 5794 tibus
217 5735 408 5794 obsecundans
422 5750 508 5801 crunt,
520 5746 547 5790 ct
560 5736 749 5806 desperatione
758 5734 912 5800 triclinium,
1248 5794 1270 5814 θ’
1519 5735 1551 5818 2
